@ARTICLE{Timmins-Schiffman2014,
  title    = "Shotgun proteomics reveals physiological response to ocean
              acidification in Crassostrea gigas",
  author   = "Timmins-Schiffman, Emma and Coffey, William D and Hua, Wilber and
              Nunn, Brook L and Dickinson, Gary H and Roberts, Steven B",
  journal  = "BMC Genomics",
  volume   =  15,
  pages    = "951",
  month    =  nov,
  year     =  2014,
  language = "en"
}

@ARTICLE{Tomanek2014,
  title    = "Proteomics to study adaptations in marine organisms to
              environmental stress",
  author   = "Tomanek, Lars",
  journal  = "J. Proteomics",
  volume   =  105,
  pages    = "92--106",
  month    =  jun,
  year     =  2014,
  language = "en"
}

% The entry below contains non-ASCII chars that could not be converted
% to a LaTeX equivalent.
@ARTICLE{Timmins-Schiffman2013,
  title     = "Elevated {pCO2} causes developmental delay in early larval
               Pacific oysters, Crassostrea gigas",
  author    = "Timmins-Schiffman, Emma and O'Donnell, Michael J and Friedman,
               Carolyn S and Roberts, Steven B",
  journal   = "Mar. Biol.",
  publisher = "Springer Berlin Heidelberg",
  volume    =  160,
  number    =  8,
  pages     = "1973--1982",
  month     =  aug,
  year      =  2013,
  language  = "en"
}

% The entry below contains non-ASCII chars that could not be converted
% to a LaTeX equivalent.
@ARTICLE{Gazeau2011,
  title    = "Effect of carbonate chemistry alteration on the early embryonic
              development of the Pacific oyster (Crassostrea gigas)",
  author   = "Gazeau, Fr{\'e}d{\'e}ric and Gattuso, Jean-Pierre and Greaves,
              Mervyn and Elderfield, Henry and Peene, Jan and Heip, Carlo H R
              and Middelburg, Jack J",
  journal  = "PLoS One",
  volume   =  6,
  number   =  8,
  pages    = "e23010",
  month    =  aug,
  year     =  2011,
  language = "en"
}

@ARTICLE{Omoregie2019,
  title   = "Futuristic Ocean Acidification Levels Reduce Growth and
             Reproductive Viability in the Pacific Oyster (Crassostrea gigas)",
  author  = "Omoregie, E and Mwatilifange, N S I and Liswaniso, G",
  journal = "J. Appl. Sci. Environ. Manage.",
  volume  =  23,
  number  =  9,
  pages   = "1747--1754",
  year    =  2019
}

@ARTICLE{Waldbusser2014,
  title     = "Saturation-state sensitivity of marine bivalve larvae to ocean
               acidification",
  author    = "Waldbusser, George G and Hales, Burke and Langdon, Chris J and
               Haley, Brian A and Schrader, Paul and Brunner, Elizabeth L and
               Gray, Matthew W and Miller, Cale A and Gimenez, Iria",
  journal   = "Nat. Clim. Chang.",
  publisher = "Nature Publishing Group",
  volume    =  5,
  pages     = "273",
  month     =  dec,
  year      =  2014
}

@ARTICLE{Roberts2012,
  title     = "Is There a Relationship between {DNA} Methylation and Phenotypic
               Plasticity in Invertebrates?",
  author    = "Roberts, Steven B and Gavery, Mackenzie R",
  journal   = "Front. Physiol.",
  publisher = "Frontiers",
  volume    =  2,
  year      =  2012,
  language  = "en"
}

@ARTICLE{Gavery2017,
  title    = "Epigenetic considerations in aquaculture",
  author   = "Gavery, Mackenzie R and Roberts, Steven B",
  journal  = "PeerJ",
  volume   =  5,
  pages    = "e4147",
  month    =  dec,
  year     =  2017,
  language = "en"
}

% The entry below contains non-ASCII chars that could not be converted
% to a LaTeX equivalent.
@ARTICLE{Dineshram2016,
  title    = "Quantitative analysis of oyster larval proteome provides new
              insights into the effects of multiple climate change stressors",
  author   = "Dineshram, Ramadoss and Chandramouli, Kondethimmanahalli and Ko,
              Ginger Wai Kuen and Zhang, Huoming and Qian, Pei-Yuan and Ravasi,
              Timothy and Thiyagarajan, Vengatesen",
  journal  = "Glob. Chang. Biol.",
  volume   =  22,
  number   =  6,
  pages    = "2054--2068",
  month    =  jun,
  year     =  2016,
  language = "en"
}

@ARTICLE{Gavery2013,
  title    = "Predominant intragenic methylation is associated with gene
              expression characteristics in a bivalve mollusc",
  author   = "Gavery, Mackenzie R and Roberts, Steven B",
  journal  = "PeerJ",
  volume   =  1,
  pages    = "e215",
  month    =  nov,
  year     =  2013,
  language = "en"
}

% The entry below contains non-ASCII chars that could not be converted
% to a LaTeX equivalent.
@ARTICLE{Gazeau2007,
  title    = "Impact of elevated {CO2} on shellfish calcification",
  author   = "Gazeau, Fr{\'e}d{\'e}ric and Quiblier, Christophe and Jansen,
              Jeroen M and Gattuso, Jean-Pierre and Middelburg, Jack J and
              Heip, Carlo H R",
  journal  = "Geophys. Res. Lett.",
  volume   =  34,
  number   =  7,
  pages    = "L07603",
  month    =  apr,
  year     =  2007,
}

@ARTICLE{Deans2015,
  title     = "What Do You Mean, ``Epigenetic''?",
  author    = "Deans, Carrie and Maggert, Keith A",
  journal   = "Genetics",
  publisher = "Genetics",
  volume    =  199,
  number    =  4,
  pages     = "887--896",
  month     =  apr,
  year      =  2015,
  language  = "en"
}

@ARTICLE{Bird2002,
  title    = "{DNA} methylation patterns and epigenetic memory",
  author   = "Bird, Adrian",
  journal  = "Genes Dev.",
  volume   =  16,
  number   =  1,
  pages    = "6--21",
  month    =  jan,
  year     =  2002,
  language = "en"
}

@ARTICLE{Kurihara2007,
  title    = "Effects of increased seawater {pCO2} on early development of the
              oyster Crassostrea gigas",
  author   = "Kurihara, H and Kato, S and Ishimatsu, A",
  journal  = "Aquat. Biol.",
  volume   =  1,
  pages    = "91--98",
  month    =  oct,
  year     =  2007,
}

% The entry below contains non-ASCII chars that could not be converted
% to a LaTeX equivalent.
@ARTICLE{Whitman_Miller2009,
  title     = "Shellfish Face Uncertain Future in High {CO2} World: Influence
               of Acidification on Oyster Larvae Calcification and Growth in
               Estuaries",
  author    = "Whitman Miller, A and Reynolds, Amanda C and Sobrino, Cristina
               and Riedel, Gerhardt F",
  journal   = "PLoS One",
  publisher = "Public Library of Science",
  volume    =  4,
  number    =  5,
  pages     = "e5661",
  month     =  may,
  year      =  2009,
}

@ARTICLE{Eirin-Lopez2018,
  title    = "Marine Environmental Epigenetics",
  author   = "Eirin-Lopez, Jose M and Putnam, Hollie M",
  journal  = "Ann. Rev. Mar. Sci.",
  month    =  jun,
  year     =  2018,
  language = "en"
}
