@article{Bartz2005,
   author = {Bartz, Krista K. and Naiman, Robert J.},
   title = {Effects of Salmon-Borne Nutrients on Riparian Soils and Vegetation in Southwest Alaska},
   journal = {Ecosystems (New York)},
   volume = {8},
   number = {5},
   pages = {529-545},
   ISSN = {1432-9840},
   DOI = {10.1007/s10021-005-0064-z},
   year = {2005},
   type = {Journal Article}
}

@article{Schindler2003,
   author = {Schindler, Daniel E. and Scheuerell, Mark D. and Moore, Jonathan W. and Gende, Scott M. and Francis, Tessa B. and Palen, Wendy J.},
   title = {Pacific Salmon and the Ecology of Coastal Ecosystems},
   journal = {Frontiers in ecology and the environment},
   volume = {1},
   number = {1},
   pages = {31},
   ISSN = {1540-9295},
   DOI = {10.2307/3867962},
   year = {2003},
   type = {Journal Article}
}

@article{Bilby1998,
   author = {Bilby, R. E. and Fransen, B. R. and Bisson, P. A. and Walter, J. K.},
   title = {Response of juvenile coho salmon (Oncorhynchus kisutch) and steelhead (Oncorhynchus mykiss) to the addition of salmon carcasses to two streams in southwestern Washington, U.S.A},
   journal = {Canadian journal of fisheries and aquatic sciences},
   volume = {55},
   number = {8},
   pages = {1909-1918},
   ISSN = {0706-652X},
   DOI = {10.1139/cjfas-55-8-1909},
   year = {1998},
   type = {Journal Article}
}

@article{Bilby1996,
   author = {Bilby, Robert E. and Fransen, Brian R. and Bisson, Peter A.},
   title = {Incorporation of nitrogen and carbon from spawning coho salmon into the trophic system of small streams: evidence from stable isotopes},
   journal = {Canadian journal of fisheries and aquatic sciences},
   volume = {53},
   number = {1},
   pages = {164-173},
   ISSN = {0706-652X},
   DOI = {10.1139/f95-159},
   year = {1996},
   type = {Journal Article}
}

@book{Burnham2003,
   author = {Burnham, Kenneth P. and Anderson, David R.},
   title = {Model Selection and Multimodel Inference: A Practical Information-Theoretic Approach},
   publisher = {New York, NY: Springer New York},
   address = {New York, NY},
   edition = {2.},
   DOI = {10.1007/b97636},
   year = {2003},
   type = {Book}
}

@article{Cederholm1989,
   author = {Cederholm, C. J. and Houston, D. B. and Cole, D. L. and Scarlett, W. J.},
   title = {Fate of Coho Salmon (Oncorhynchus kisutch) Carcasses in Spawning Streams},
   journal = {Canadian journal of fisheries and aquatic sciences},
   volume = {46},
   number = {8},
   pages = {1347-1355},
   ISSN = {0706-652X},
   DOI = {10.1139/f89-173},
   year = {1989},
   type = {Journal Article}
}

@article{Cederholm1999,
   author = {Cederholm, C. Jeff and Kunze, Matt D. and Murota, Takeshi and Sibatani, Atuhiro},
   title = {Pacific Salmon Carcasses: Essential Contributions of Nutrients and Energy for Aquatic and Terrestrial Ecosystems},
   journal = {Fisheries (Bethesda)},
   volume = {24},
   number = {10},
   pages = {6-15},
   ISSN = {0363-2415},
   DOI = {10.1577/1548-8446(1999)024<0006:PSC>2.0.CO;2},
   year = {1999},
   type = {Journal Article}
}

@article{Chaloner2002,
   author = {Chaloner, Dominic T. and Martin, Kristine M. and Wipfli, Mark S. and Ostrom, Peggy H. and Lamberti, Gary A.},
   title = {Marine carbon and nitrogen in southeastern Alaska stream food webs: evidence from artificial and natural streams},
   journal = {Canadian journal of fisheries and aquatic sciences},
   volume = {59},
   number = {8},
   pages = {1257-1265},
   ISSN = {1205-7533
0706-652X},
   DOI = {10.1139/f02-084},
   year = {2002},
   type = {Journal Article}
}

@book{Chapin2006,
   author = {Chapin, F. Stuart},
   title = {Alaska's changing boreal forest},
   publisher = {New York : Oxford University Press},
   address = {New York},
   year = {2006},
   type = {Book}
}

@book{Chapin2011,
   author = {Chapin, F. Stuart, III and Matson, Pamela A. and Vitousek, Peter and Chapin, M. C.},
   title = {Principles of Terrestrial Ecosystem Ecology},
   publisher = {New York, NY: Springer},
   address = {New York, NY},
   edition = {Second Edition},
   DOI = {10.1007/978-1-4419-9504-9},
   year = {2011},
   type = {Book}
}

@article{Chapell1999,
   author = {Chappell, H. N. and Prescott, C. E. and Vesterdal, L.},
   title = {Long-Term Effects of Nitrogen Fertilization on Nitrogen Availability in Coastal Douglas-Fir Forest Floors},
   journal = {Soil Science Society of America Journal},
   volume = {63},
   number = {5},
   pages = {1448-1454},
   ISSN = {0361-5995},
   DOI = {10.2136/sssaj1999.6351448x},
   year = {1999},
   type = {Journal Article}
}

@article{Claeson2006,
   author = {Claeson, Shannon M. and Li, Judith L. and Compton, Jana E. and Bisson, Peter A.},
   title = {Response of nutrients, biofilm, and benthic insects to salmon carcass addition},
   journal = {Canadian journal of fisheries and aquatic sciences},
   volume = {63},
   number = {6},
   pages = {1230-1241},
   ISSN = {0706-652X},
   DOI = {10.1139/f06-029},
   year = {2006},
   type = {Journal Article}
}

@article{Collins2015,
   author = {Collins, Scott F. and Marcarelli, Amy M. and Baxter, Colden V. and Wipfli, Mark S.},
   title = {A Critical Assessment of the Ecological Assumptions Underpinning Compensatory Mitigation of Salmon-Derived Nutrients},
   journal = {Environmental management (New York)},
   volume = {56},
   number = {3},
   pages = {571-586},
   ISSN = {0364-152X},
   DOI = {10.1007/s00267-015-0538-5},
   year = {2015},
   type = {Journal Article}
}

@article{Compton2006,
   author = {Compton, Jana E. and Andersen, Christian P. and Phillips, Donald L. and Brooks, J. Renée and Johnson, Mark G. and Church, M. Robbins and Hogsett, William E. and Cairns, Michael A. and Rygiewicz, Paul T. and McComb, Brenda C. and Shaff, Courtney D.},
   title = {Ecological and Water Quality Consequences of Nutrient Addition for Salmon Restoration in the Pacific Northwest},
   journal = {Frontiers in ecology and the environment},
   volume = {4},
   number = {1},
   pages = {18-26},
   ISSN = {1540-9295},
   DOI = {10.1890/1540-9295(2006)004[0018:EAWQCO]2.0.CO;2},
   year = {2006},
   type = {Journal Article}
}

@article{Craine2009,
   author = {Craine, Joseph M. and Elmore, Andrew J. and Aidar, Marcos P. M. and Bustamante, Mercedes and Dawson, Todd E. and Hobbie, Erik A. and Kahmen, Ansgar and Mack, Michelle C. and McLauchlan, Kendra K. and Michelsen, Anders and Nardoto, Gabriela B. and Pardo, Linda H. and Peñuelas, Josep and Reich, Peter B. and Schuur, Edward A. G. and Stock, William D. and Templer, Pamela H. and Virginia, Ross A. and Welker, Jeffrey M. and Wright, Ian J.},
   title = {Global Patterns of Foliar Nitrogen Isotopes and Their Relationships with Climate, Mycorrhizal Fungi, Foliar Nutrient Concentrations, and Nitrogen Availability},
   journal = {The New phytologist},
   volume = {183},
   number = {4},
   pages = {980-992},
   ISSN = {0028-646X},
   DOI = {10.1111/j.1469-8137.2009.02917.x},
   year = {2009},
   type = {Journal Article}
}

@article{Drake2006,
   author = {Drake, Deanne C. and Naiman, Robert J. and Bechtold, J. Scott},
   title = {FATE OF NITROGEN IN RIPARIAN FOREST SOILS AND TREES: AN 15N TRACER STUDY SIMULATING SALMON DECAY},
   journal = {Ecology (Durham)},
   volume = {87},
   number = {5},
   pages = {1256-1266},
   ISSN = {0012-9658},
   DOI = {10.1890/0012-9658(2006)87[1256:FONIRF]2.0.CO;2},
   year = {2006},
   type = {Journal Article}
}

@article{Drake2006,
   author = {Drake, Deanne C. and Naiman, Robert J. and Bechtold, J. Scott},
   title = {FATE OF NITROGEN IN RIPARIAN FOREST SOILS AND TREES: AN 15N TRACER STUDY SIMULATING SALMON DECAY},
   journal = {Ecology (Durham)},
   volume = {87},
   number = {5},
   pages = {1256-1266},
   ISSN = {0012-9658},
   DOI = {10.1890/0012-9658(2006)87[1256:FONIRF]2.0.CO;2},
   year = {2006},
   type = {Journal Article}
}

@article{Finney2000,
   author = {Finney, B. P.},
   title = {Impacts of Climatic Change and Fishing on Pacific Salmon Abundance Over the Past 300 Years},
   journal = {Science (American Association for the Advancement of Science)},
   volume = {290},
   number = {5492},
   pages = {795-799},
   ISSN = {1095-9203
0036-8075},
   DOI = {10.1126/science.290.5492.795},
   year = {2000},
   type = {Journal Article}
}

@article{Gende2007,
   author = {Gende, Scott M. and Miller, Amy E. and Hood, Eran},
   title = {The effects of salmon carcasses on soil nitrogen pools in a riparian forest of southeastern Alaska},
   journal = {Canadian journal of forest research},
   volume = {37},
   number = {7},
   pages = {1194-1202},
   ISSN = {0045-5067},
   DOI = {10.1139/X06-318},
   year = {2007},
   type = {Journal Article}
}

@misc{RN52,
   pages = {985-1018},
   DOI= {10.2136/sssabookser5.2.c42},
   year = {1994},
   type = {Generic}
}

@article{Helfield2001,
   author = {Helfield, James M. and Naiman, Robert J.},
   title = {Effects of Salmon-Derived Nitrogen on Riparian Forest Growth and Implications for Stream Productivity},
   journal = {Ecology (Durham)},
   volume = {82},
   number = {9},
   pages = {2403-2409},
   ISSN = {0012-9658},
   DOI = {10.1890/0012-9658(2001)082[2403:EOSDNO]2.0.CO;2},
   year = {2001},
   type = {Journal Article}
}

@article{Helfield2002,
   author = {Helfield, James M. and Naiman, Robert J.},
   title = {Salmon and Alder as Nitrogen Sources to Riparian Forests in a Boreal Alaskan Watershed},
   journal = {Oecologia},
   volume = {133},
   number = {4},
   pages = {573-582},
   ISSN = {0029-8549},
   DOI = {10.1007/s00442-002-1070-x},
   year = {2002},
   type = {Journal Article}
}

@article{Hilderbrand1999,
   author = {Hilderbrand, G. V. and Schwartz, C. C. and Robbins, C. T. and Jacoby, M. E. and Hanley, T. A. and Arthur, S. M. and Servheen, C.},
   title = {The importance of meat, particularly salmon, to body size, population productivity, and conservation of North American brown bears},
   journal = {Canadian journal of zoology},
   volume = {77},
   number = {1},
   pages = {132-138},
   ISSN = {0008-4301},
   DOI = {10.1139/z98-195},
   year = {1999},
   type = {Journal Article}
}

@article{Hobbie1996,
   author = {Hobbie, S. E. and Chapin, F. S.},
   title = {Winter Regulation of Tundra Litter Carbon and Nitrogen Dynamics},
   journal = {Biogeochemistry},
   volume = {35},
   number = {2},
   pages = {327-338},
   ISSN = {0168-2563},
   DOI = {10.1007/BF02179958},
   year = {1996},
   type = {Journal Article}
}

@article{Hocking2012,
   author = {Hocking, Morgan D. and Reynolds, John D.},
   title = {Nitrogen uptake by plants subsidized by Pacific salmon carcasses: a hierarchical experiment},
   journal = {Canadian journal of forest research},
   volume = {42},
   number = {5},
   pages = {908-917},
   ISSN = {0045-5067},
   DOI = {10.1139/x2012-045},
   year = {2012},
   type = {Journal Article}
}

@article{Hogberg1998,
   author = {HÖgberg, Peter},
   title = {Tansley Review No. 95: 15N natural abundance in soil–plant systems},
   journal = {The New phytologist},
   volume = {139},
   number = {3},
   pages = {595-595},
   ISSN = {0028-646X},
   DOI = {10.1046/j.1469-8137.1998.00239.x},
   year = {1998},
   type = {Journal Article}
}

@article{Holmes1998,
   author = {Holmes, R. M. and McClelland, J. W. and Sigman, D. M. and Fry, B. and Peterson, B. J.},
   title = {Measuring 15N-NH4+ in marine, estuarine and fresh waters : An adaptation of the ammonia diffusion method for samples with low ammonium concentrations},
   journal = {Marine chemistry},
   volume = {60},
   number = {3-4},
   pages = {235-243},
   ISSN = {0304-4203},
   year = {1998},
   type = {Journal Article}
}

@article{Holtgrieve2011,
   author = {Holtgrieve, Gordon W. and Schindler, Daniel E.},
   title = {Marine-derived nutrients, bioturbation, and ecosystem metabolism: reconsidering the role of salmon in streams},
   journal = {Ecology (Durham)},
   volume = {92},
   number = {2},
   pages = {373-385},
   ISSN = {0012-9658},
   DOI = {10.1890/09-1694.1},
   year = {2011},
   type = {Journal Article}
}

@article{Holtgrieve2010,
   author = {Holtgrieve, Gordon W. and Schindler, Daniel E. and Gowell, Conrad P. and Ruff, Casey P. and Lisi, Peter J.},
   title = {Stream geomorphology regulates the effects on periphyton of ecosystem engineering and nutrient enrichment by Pacific salmon},
   journal = {Freshwater biology},
   volume = {55},
   number = {12},
   pages = {2598-2611},
   ISSN = {0046-5070},
   DOI = {10.1111/j.1365-2427.2010.02489.x},
   year = {2010},
   type = {Journal Article}
}

@article{Holtgrieve2009,
   author = {Holtgrieve, Gordon W. and Schindler, Daniel E. and Jewett, Peter K.},
   title = {Large predators and biogeochemical hotspots: brown bear (Ursus arctos) predation on salmon alters nitrogen cycling in riparian soils},
   journal = {Ecological research},
   volume = {24},
   number = {5},
   pages = {1125-1135},
   ISSN = {0912-3814},
   DOI = {10.1007/s11284-009-0591-8},
   year = {2009},
   type = {Journal Article}
}

@article{Hogberg2006,
   author = {HÖgberg, Peter and Fan, Houbao and Quist, Maud and Binkley, D. A. N. and Tamm, Carl Olof},
   title = {Tree growth and soil acidification in response to 30 years of experimental nitrogen loading on boreal forest},
   journal = {Global change biology},
   volume = {12},
   number = {3},
   pages = {489-499},
   ISSN = {1354-1013},
   DOI = {10.1111/j.1365-2486.2006.01102.x},
   year = {2006},
   type = {Journal Article}
}

@article{Janetski2009,
   author = {Janetski, David J. and Chaloner, Dominic T. and Tiegs, Scott D. and Lamberti, Gary A.},
   title = {Pacific Salmon Effects on Stream Ecosystems: A Quantitative Synthesis},
   journal = {Oecologia},
   volume = {159},
   number = {3},
   pages = {583-595},
   ISSN = {0029-8549},
   DOI = {10.1007/s00442-008-1249-x},
   year = {2009},
   type = {Journal Article}
}

@article{Johnston2004,
   author = {Johnston, N. T. and MacIsaac, E. A. and Tschaplinski, P. J. and Hall, K. J.},
   title = {Effects of the abundance of spawning sockeye salmon (Oncorhynchus nerka) on nutrients and algal biomass in forested streams},
   journal = {Canadian journal of fisheries and aquatic sciences},
   volume = {61},
   number = {3},
   pages = {384-403},
   ISSN = {0706-652X},
   DOI = {10.1139/f03-172},
   year = {2004},
   type = {Journal Article}
}

@article{Kasischke1995,
   author = {Kasischke, Eric S. and French, Nancy H. F.},
   title = {Locating and estimating the areal extent of wildfires in alaskan boreal forests using multiple-season AVHRR NDVI composite data},
   journal = {Remote sensing of environment},
   volume = {51},
   number = {2},
   pages = {263-275},
   ISSN = {0034-4257},
   DOI = {10.1016/0034-4257(93)00074-J},
   year = {1995},
   type = {Journal Article}
}

@article{Kirchoff2003,
   author = {Kirchhoff, Matthew D.},
   title = {Effects of Salmon-Derived Nitrogen on Riparian Forest Growth and Implications for Stream Productivity: Comment},
   journal = {Ecology (Durham)},
   volume = {84},
   number = {12},
   pages = {3396-3399},
   ISSN = {0012-9658},
   DOI = {10.1890/02-3121},
   year = {2003},
   type = {Journal Article}
}

@article{Kline1993,
   author = {Kline Jr, Thomas C. and Goering, John J. and Mathisen, Ole A. and Poe, Patrick H. and Parker, Patrick L. and Scalan, Richard S.},
   title = {Recycling of Elements Transported Upstream by Runs of Pacific Salmon: II. δ15N and δ13C Evidence in the Kvichak River Watershed, Bristol Bay, Southwestern Alaska},
   journal = {Canadian journal of fisheries and aquatic sciences},
   volume = {50},
   number = {11},
   pages = {2350-2365},
   ISSN = {0706-652X},
   DOI = {10.1139/f93-259},
   year = {1993},
   type = {Journal Article}
}

@book{Klute1986,
   author = {Klute, Arnold},
   title = {Methods of soil analysis. Part 1. Physical and mineralogical methods},
   edition = {2nd},
   year = {1986},
   type = {Book}
}

@article{Lloyd2013,
   author = {Lloyd, Andrea H. and Duffy, Paul A. and Mann, Daniel H.},
   title = {Nonlinear responses of white spruce growth to climate variability in interior Alaska},
   journal = {Canadian journal of forest research},
   volume = {43},
   number = {999},
   pages = {331-343},
   ISSN = {0045-5067},
   DOI = {10.1139/cjfr-2012-0372},
   year = {2013},
   type = {Journal Article}
}

@article{Lu2011,
   author = {Lu, Meng and Yang, Yuanhe and Luo, Yiqi and Fang, Changming and Zhou, Xuhui and Chen, Jiakuan and Yang, Xin and Li, Bo},
   title = {Responses of ecosystem nitrogen cycle to nitrogen addition: a meta-analysis},
   journal = {The New phytologist},
   volume = {189},
   number = {4},
   pages = {1040-1050},
   ISSN = {0028-646X},
   DOI = {10.1111/j.1469-8137.2010.03563.x},
   year = {2011},
   type = {Journal Article}
}

@article{Meehan2005,
   author = {Meehan, Erin P. and Seminet-Reneau, Elizabeth E. and Quinn, Thomas P.},
   title = {Bear Predation on Pacific Salmon Facilitates Colonization of Carcasses by Fly Maggots},
   journal = {The American Midland Naturalist},
   volume = {153},
   number = {1},
   pages = {142-151},
   ISSN = {0003-0031},
   DOI = {10.1674/0003-0031(2005)153[0142:BPOPSF]2.0.CO;2},
   year = {2005},
   type = {Journal Article}
}

@article{Mitchell2005,
   author = {Mitchell, Nicole L. and Lamberti, Gary A.},
   title = {Responses in Dissolved Nutrients and Epilithon Abundance to Spawning Salmon in Southeast Alaska Streams},
   journal = {Limnology and oceanography},
   volume = {50},
   number = {1},
   pages = {217-227},
   ISSN = {0024-3590},
   DOI = {10.4319/lo.2005.50.1.0217},
   year = {2005},
   type = {Journal Article}
}

@article{Moore2007,
   author = {Moore, Jonathan W. and Schindler, Daniel E. and Carter, Jackie L. and Fox, Justin and Griffiths, Jennifer and Holtgrieve, Gordon W.},
   title = {Biotic Control of Stream Fluxes: Spawning Salmon Drive Nutrient and Matter Export},
   journal = {Ecology (Durham)},
   volume = {88},
   number = {5},
   pages = {1278-1291},
   ISSN = {0012-9658},
   DOI = {10.1890/06-0782},
   year = {2007},
   type = {Journal Article}
}

@article{Morris2011,
   author = {Morris, Michael R. and Stanford, Jack A.},
   title = {Floodplain succession and soil nitrogen accumulation on a salmon river in southwestern Kamchatka},
   journal = {Ecological monographs},
   volume = {81},
   number = {1},
   pages = {43-61},
   ISSN = {0012-9615},
   DOI = {10.1890/08-2296.1},
   year = {2011},
   type = {Journal Article}
}

@article{Naiman2002,
   author = {Naiman, Robert J. and Bilby, Robert E. and Schindler, Daniel E. and Helfield, James M.},
   title = {Pacific Salmon, Nutrients, and the Dynamics of Freshwater and Riparian Ecosystems},
   journal = {Ecosystems (New York)},
   volume = {5},
   number = {4},
   pages = {399-417},
   ISSN = {1432-9840},
   DOI = {10.1007/s10021-001-0083-3},
   year = {2002},
   type = {Journal Article}
}

@article{Nordin2001,
   author = {Nordin, Annika and Högberg, Peter and Näsholm, Torgny},
   title = {Soil Nitrogen Form and Plant Nitrogen Uptake along a Boreal Forest Productivity Gradient},
   journal = {Oecologia},
   volume = {129},
   number = {1},
   pages = {125-132},
   ISSN = {0029-8549},
   DOI = {10.1007/s004420100698},
   year = {2001},
   type = {Journal Article}
}

@article{Oltean2016,
   author = {Oltean, Gabriel S. and Comeau, Philip G. and White, Barry},
   title = {Carbon isotope discrimination by Picea glauca and Populus tremuloides is related to the topographic depth to water index and rainfall},
   journal = {Canadian journal of forest research},
   volume = {46},
   number = {10},
   pages = {1225-1233},
   ISSN = {0045-5067},
   DOI = {10.1139/cjfr-2015-0491},
   year = {2016},
   type = {Journal Article}
}

@article{Perakis2002,
   author = {Perakis, Steven S.},
   title = {Nutrient limitation, hydrology and watershed nitrogen loss},
   journal = {Hydrological processes},
   volume = {16},
   number = {17},
   pages = {3507-3511},
   ISSN = {0885-6087},
   DOI = {10.1002/hyp.5078},
   year = {2002},
   type = {Journal Article}
}

@article{Perakis2011,
   author = {Perakis, Steven S. and Sinkhorn, Emily R.},
   title = {Biogeochemistry of a temperate forest nitrogen gradient},
   journal = {Ecology (Durham)},
   volume = {92},
   number = {7},
   pages = {1481-1491},
   ISSN = {0012-9658},
   DOI = {10.1890/10-1642.1},
   year = {2011},
   type = {Journal Article}
}

@article{Perry2017,
   author = {Perry, Laura G. and Shafroth, Patrick B. and Perakis, Steven S.},
   title = {Riparian Soil Development Linked to Forest Succession Above and Below Dams Along the Elwha River, Washington, USA},
   journal = {Ecosystems},
   volume = {20},
   number = {1},
   pages = {104-129},
   ISSN = {1432-9840},
   DOI = {10.1007/s10021-016-0080-1},
   year = {2017},
   type = {Journal Article}
}

@book{Polis2004,
   author = {Polis, Gary A. and Power, Mary E. and Huxel, Gary R.},
   title = {Food webs at the landscape level},
   publisher = {Chicago : University of Chicago Press},
   address = {Chicago},
   year = {2004},
   type = {Book}
}

@article{Prescott1992,
   author = {Prescott, C. E. and Corbin, J. P. and Parkinson, D.},
   title = {Immobilization and availability of N and P in the forest floors of fertilized Rocky Mountain coniferous forests},
   journal = {Plant and soil},
   volume = {143},
   number = {1},
   pages = {1-10},
   ISSN = {0032-079X},
   DOI = {10.1007/BF00009123},
   year = {1992},
   type = {Journal Article}
}

@article{Prescott1995,
   author = {Prescott, C. E. and Kishchuk, B. E. and Weetman, G. F.},
   title = {Long-term effects of repeated N fertilization and straw application in a jack pine forest. 3. Nitrogen availability in the forest floor},
   journal = {Canadian journal of forest research},
   volume = {25},
   number = {12},
   pages = {1991-1996},
   ISSN = {0045-5067},
   DOI = {10.1139/x95-215},
   year = {1995},
   type = {Journal Article}
}

@book{Quinn2014,
   author = {Quinn, Thomas P.},
   title = {The Behavior and Ecology of Pacific Salmon and Trout},
   publisher = {Vancouver: UBC Press},
   address = {Vancouver},
   year = {2014},
   type = {Book}
}

@article{Quinn2018,
   author = {Quinn, Thomas P. and Helfield, James M. and Austin, Catherine S. and Hovel, Rachel A. and Bunn, Andrew G.},
   title = {A multidecade experiment shows that fertilization by salmon carcasses enhanced tree growth in the riparian zone},
   journal = {Ecology (Durham)},
   volume = {99},
   number = {11},
   pages = {2433-2441},
   ISSN = {0012-9658},
   DOI = {10.1002/ecy.2453},
   year = {2018},
   type = {Journal Article}
}

@article{Reimchen2013,
   author = {Reimchen, Thomas Edward and Fox, Caroline Hazel},
   title = {Fine-scale spatiotemporal influences of salmon on growth and nitrogen signatures of Sitka spruce tree rings},
   journal = {BMC ecology},
   volume = {13},
   number = {1},
   pages = {38-38},
   ISSN = {1472-6785},
   DOI = {10.1186/1472-6785-13-38},
   year = {2013},
   type = {Journal Article}
}

@article{Gustafson2007,
   author = {Richard, G. Gustafson and Robin, S. Waples and James, M. Myers and Laurie, A. Weitkamp and Gregory, J. Bryant and Orlay, W. Johnson and Jeffrey, J. Hard},
   title = {Pacific Salmon Extinctions: Quantifying Lost and Remaining Diversity},
   journal = {Conservation biology},
   volume = {21},
   number = {4},
   pages = {1009-1020},
   ISSN = {0888-8892},
   DOI = {10.1111/j.1523-1739.2007.00693.x},
   year = {2007},
   type = {Journal Article}
}

@article{Scheuerell2007,
   author = {Scheuerell, Mark D. and Moore, Jonathan W. and Schindler, Daniel E. and Harvey, Chris J.},
   title = {Varying effects of anadromous sockeye salmon on the trophic ecology of two species of resident salmonids in southwest Alaska},
   journal = {Freshwater biology},
   volume = {52},
   number = {10},
   pages = {1944-1956},
   ISSN = {0046-5070},
   DOI = {10.1111/j.1365-2427.2007.01823.x},
   year = {2007},
   type = {Journal Article}
}

@article{Schindler2013,
   author = {Schindler, Daniel E. and Armstrong, Jonathan B. and Bentley, Kale T. and Jankowski, KathiJo and Lisi, Peter J. and Payne, Laura X.},
   title = {Riding the crimson tide: mobile terrestrial consumers track phenological variation in spawning of an anadromous fish},
   journal = {Biology letters (2005)},
   volume = {9},
   number = {3},
   pages = {20130048-20130048},
   ISSN = {1744-9561},
   DOI = {10.1098/rsbl.2013.0048},
   year = {2013},
   type = {Journal Article}
}

@article{Schindler2005,
   author = {Schindler, Daniel E. and Leavitt, Peter R. and Brock, Curtis S. and Johnson, Susan P. and Quay, Paul D.},
   title = {Marine-Derived Nutrients, Commercial Fisheries, and Production of Salmon and Lake Algae in Alaska},
   journal = {Ecology (Durham)},
   volume = {86},
   number = {12},
   pages = {3225-3231},
   ISSN = {0012-9658},
   DOI = {10.1890/04-1730},
   year = {2005},
   type = {Journal Article}
}

@article{Gende2002,
   author = {Scott M, Gende and Richard T, Edwards and Mary F, Willson and Mark S, Wipfli},
   title = {Pacific Salmon in Aquatic and Terrestrial Ecosystems: Pacific salmon subsidize freshwater and terrestrial ecosystems through several pathways, which generates unique management and conservation issues but also provides valuable research opportunities},
   journal = {Bioscience},
   volume = {52},
   number = {10},
   pages = {917-928},
   ISSN = {0006-3568},
   DOI = {10.1641/0006-3568(2002)052[0917:PSIAAT]2.0.CO;2},
   year = {2002},
   type = {Journal Article}
}

@article{Sigman1997,
   author = {Sigman, D. M. and Altabet, M. A. and Michener, R. and McCorkle, D. C. and Fry, B. and Holmes, R. M.},
   title = {Natural abundance-level measurement of the nitrogen isotopic composition of oceanic nitrate: an adaptation of the ammonia diffusion method},
   journal = {Marine chemistry},
   volume = {57},
   number = {3-4},
   pages = {227-242},
   ISSN = {0304-4203},
   DOI = {10.1016/S0304-4203(97)00009-1},
   year = {1997},
   type = {Journal Article}
}

@book{Sparks1996,
   author = {Sparks, Donald L. and Soil Science Society of, America and American Society of, Agronomy},
   title = {Methods of soil analysis. Part 3, Chemical methods},
   publisher = {Madison, Wis. : Soil Science Society of America : American Society of Agronomy},
   address = {Madison, Wis.},
   year = {1996},
   type = {Book}
}

@article{Perakis2012,
   author = {Steven, S. Perakis and Joselin, J. Matkins and David, E. Hibbs},
   title = {N2-Fixing Red Alder Indirectly Accelerates Ecosystem Nitrogen Cycling},
   journal = {Ecosystems (New York)},
   volume = {15},
   number = {7},
   pages = {1182-1193},
   ISSN = {1432-9840},
   DOI = {10.1007/s10021-012-9579-2},
   year = {2012},
   type = {Journal Article}
}

@article{Templer2012,
   author = {Templer, P. H. and Mack, M. C. and Iii, F. S. Chapin and Christenson, L. M. and Compton, J. E. and Crook, H. D. and Currie, W. S. and Curtis, C. J. and Dail, D. B. and D'Antonio, C. M. and Emmett, B. A. and Epstein, H. E. and Goodale, C. L. and Gundersen, P. and Hobbie, S. E. and Holland, K. and Hooper, D. U. and Hungate, B. A. and Lamontagne, S. and Nadelhoffer, K. J. and Osenberg, C. W. and Perakis, S. S. and Schleppi, P. and Schimel, J. and Schmidt, I. K. and Sommerkorn, M. and Spoelstra, J. and Tietema, A. and Wessel, W. W. and Zak, D. R.},
   title = {Sinks for nitrogen inputs in terrestrial ecosystems: a meta-analysis of 15N tracer field studies},
   journal = {Ecology (Durham)},
   volume = {93},
   number = {8},
   pages = {1816-1829},
   ISSN = {0012-9658},
   DOI = {10.1890/11-1146.1},
   year = {2012},
   type = {Journal Article}
}

@article{Walker1989,
   author = {Walker, L. R.},
   title = {Soil nitrogen changes during primary succession on a floodplain in Alaska, U.S.A},
   journal = {Arctic and alpine research},
   volume = {21},
   number = {4},
   pages = {341-349},
   ISSN = {0004-0851},
   DOI = {10.2307/1551644},
   year = {1989},
   type = {Journal Article}
}

@article{Walker1986,
   author = {Walker, Phillip L. and Deniro, Michael J.},
   title = {Stable nitrogen and carbon isotope ratios in bone collagen as indices of prehistoric dietary dependence on marine and terrestrial resources in Southern California},
   journal = {American journal of physical anthropology},
   volume = {71},
   number = {1},
   pages = {51-61},
   ISSN = {0002-9483},
   DOI = {10.1002/ajpa.1330710107},
   year = {1986},
   type = {Journal Article}
}

@article{Wheeler2017,
   author = {Wheeler, Tadd A. and Kavanagh, Kathleen L.},
   title = {Soil biogeochemical responses to the deposition of anadromous fish carcasses in inland riparian forests of the Pacific Northwest, USA},
   journal = {Canadian journal of forest research},
   volume = {47},
   number = {11},
   pages = {1506-1516},
   ISSN = {0045-5067},
   DOI = {10.1139/cjfr-2017-0194},
   year = {2017},
   type = {Journal Article}
}

@article{Wheeler2014,
   author = {Wheeler, Tadd A. and Kavanagh, Kathleen L. and Daanen, Steven A.},
   title = {Terrestrial Salmon Carcass Decomposition: Nutrient and Isotopic Dynamics in Central Idaho},
   journal = {Northwest science},
   volume = {88},
   number = {2},
   pages = {106-119},
   ISSN = {0029-344X},
   DOI = {10.3955/046.088.0206},
   year = {2014},
   type = {Journal Article}
}

@article{Winder2005,
   author = {Winder, Monika and Schindler, Daniel E. and Moore, Jonathan W. and Johnson, Susan P. and Palen, Wendy J.},
   title = {Do bears facilitate transfer of salmon resources to aquatic macroinvertebrates?},
   journal = {Canadian journal of fisheries and aquatic sciences},
   volume = {62},
   number = {10},
   pages = {2285-2293},
   ISSN = {0706-652X},
   DOI = {10.1139/f05-136},
   year = {2005},
   type = {Journal Article}
}

@article{Wipfli1998,
   author = {Wipfli, M. S. and Hudson, J. and Caouette, J.},
   title = {Influence of salmon carcasses on stream productivity : response of biofilm and benthic macroinvertebrates in southeastern Alaska, U.S.A},
   journal = {Canadian journal of fisheries and aquatic sciences},
   volume = {55},
   number = {6},
   pages = {1503-1511},
   ISSN = {0706-652X},
   DOI = {10.1139/cjfas-55-6-1503},
   year = {1998},
   type = {Journal Article}
}

@article{Wipfli2003,
   author = {Wipfli, Mark S. and Hudson, John P. and Caouette, John P. and Chaloner, Dominic T.},
   title = {Marine Subsidies in Freshwater Ecosystems: Salmon Carcasses Increase the Growth Rates of Stream‐Resident Salmonids},
   journal = {Transactions of the American Fisheries Society (1900)},
   volume = {132},
   number = {2},
   pages = {371-381},
   ISSN = {0002-8487},
   DOI = {10.1577/1548-8659(2003)132<0371:MSIFES>2.0.CO;2},
   year = {2003},
   type = {Journal Article}
}

@article{Wright2018,
   author = {Wright, Micah and Sherriff, Rosemary L. and Miller, Amy E. and Wilson, Tammy},
   title = {Stand basal area and temperature interact to influence growth in white spruce in southwest Alaska},
   journal = {Ecosphere (Washington, D.C)},
   volume = {9},
   number = {10},
   pages = {e02462-n/a},
   ISSN = {2150-8925},
   DOI = {10.1002/ecs2.2462},
   year = {2018},
   type = {Journal Article}
}

@article{Yarie2008,
   author = {Yarie, John},
   title = {Effects of moisture limitation on tree growth in upland and floodplain forest ecosystems in interior Alaska},
   journal = {Forest ecology and management},
   volume = {256},
   number = {5},
   pages = {1055-1063},
   ISSN = {0378-1127},
   DOI = {10.1016/j.foreco.2008.06.022},
   year = {2008},
   type = {Journal Article}
}



@misc{Akaike1973,
   pages = {610-624},
   ISBN = {0172-7397},
   DOI= {10.1007/978-1-4612-0919-5_38},
   type = {Generic}
}

@article{Bi2020,
   author = {Bi, Rong and Sommer, Ulrich},
   title = {Food Quantity and Quality Interactions at Phytoplankton–Zooplankton Interface: Chemical and Reproductive Responses in a Calanoid Copepod},
   journal = {Frontiers in Marine Science},
   volume = {7},
   ISSN = {2296-7745},
   DOI = {10.3389/fmars.2020.00274},
   year = {2020},
   type = {Journal Article}
}

@article{Bocherens2003,
   author = {Bocherens, H. and Drucker, D.},
   title = {Trophic level isotopic enrichment of carbon and nitrogen in bone collagen: case studies from recent and ancient terrestrial ecosystems},
   journal = {International journal of osteoarchaeology},
   volume = {13},
   number = {1-2},
   pages = {46-53},
   ISSN = {1047-482X},
   DOI = {10.1002/oa.662},
   year = {2003},
   type = {Journal Article}
}

@article{Boersma2015,
   author = {Boersma, Maarten and Mathew, K. Avarachen and Niehoff, Barbara and Schoo, Katherina L. and Franco-Santos, Rita M. and Meunier, Cédric L.},
   title = {Temperature driven changes in the diet preference of omnivorous copepods: no more meat when it's hot?},
   journal = {Ecology letters},
   volume = {19},
   number = {1},
   pages = {45-53},
   ISSN = {1461-023X},
   DOI = {10.1111/ele.12541},
   year = {2016},
   type = {Journal Article}
}

@article{Bopp2013,
   author = {Bopp, L. and Resplandy, L. and Orr, J. C. and Doney, S. C. and Dunne, J. P. and Gehlen, M. and Halloran, P. and Heinze, C. and Ilyina, T. and Séférian, R. and Tjiputra, J. and Vichi, M.},
   title = {Multiple stressors of ocean ecosystems in the 21st century: projections with CMIP5 models},
   journal = {Biogeosciences},
   volume = {10},
   number = {10},
   pages = {6225-6245},
   ISSN = {1726-4189
1726-4170},
   DOI = {10.5194/bg-10-6225-2013},
   year = {2013},
   type = {Journal Article}
}

@article{Brander2010,
   author = {Brander, Keith},
   title = {Impacts of climate change on fisheries},
   journal = {Journal of marine systems},
   volume = {79},
   number = {3},
   pages = {389-402},
   ISSN = {0924-7963},
   DOI = {10.1016/j.jmarsys.2008.12.015},
   year = {2010},
   type = {Journal Article}
}

@article{Brietburg2018,
   author = {Breitburg, Denise and Levin, Lisa A. and Oschlies, Andreas and Grégoire, Marilaure and Chavez, Francisco P. and Conley, Daniel J. and Garçon, Véronique and Gilbert, Denis and Gutiérrez, Dimitri and Isensee, Kirsten and Jacinto, Gil S. and Limburg, Karin E. and Montes, Ivonne and Naqvi, S. W. A. and Pitcher, Grant C. and Rabalais, Nancy N. and Roman, Michael R. and Rose, Kenneth A. and Seibel, Brad A. and Telszewski, Maciej and Yasuhara, Moriaki and Zhang, Jing},
   title = {Declining oxygen in the global ocean and coastal waters},
   journal = {Science (American Association for the Advancement of Science)},
   volume = {359},
   number = {6371},
   pages = {eaam7240},
   ISSN = {1095-9203
0036-8075},
   DOI = {10.1126/science.aam7240},
   year = {2018},
   type = {Journal Article}
}

@article{Burkhardt1999,
   author = {Burkhardt, Steffen and Riebesell, Ulf and Zondervan, Ingrid},
   title = {Effects of growth rate, CO2 concentration, and cell size on the stable carbon isotope fractionation in marine phytoplankton},
   journal = {Geochimica et cosmochimica acta},
   volume = {63},
   number = {22},
   pages = {3729-3741},
   ISSN = {0016-7037},
   DOI = {10.1016/S0016-7037(99)00217-3},
   year = {1999},
   type = {Journal Article}
}

@article{Carpenter2017,
   author = {Carpenter, Bob and Gelman, Andrew and Hoffman, Matthew D. and Lee, Daniel and Goodrich, Ben and Betancourt, Michael and Brubaker, Marcus and Guo, Jiqiang and Li, Peter and Riddell, Allen},
   title = {Stan: A Probabilistic Programming Language},
   journal = {Journal of statistical software},
   volume = {76},
   number = {1},
   pages = {1-32},
   ISSN = {1548-7660},
   DOI = {10.18637/jss.v076.i01},
   year = {2017},
   type = {Journal Article}
}

@article{Chikaraishi2007,
   author = {Chikaraishi, Y. and Kashiyama, Y. and Ogawa, N. O. and Kitazato, H. and Ohkouchi, N.},
   title = {Metabolic control of nitrogen isotope composition of amino acids in macroalgae and gastropods: implications for aquatic food web studies},
   journal = {Marine ecology. Progress series (Halstenbek)},
   volume = {342},
   pages = {85-90},
   ISSN = {0171-8630},
   DOI = {10.3354/meps342085},
   year = {2007},
   type = {Journal Article}
}

@article{Chikaraishi2009,
   author = {Chikaraishi, Yoshito and Ogawa, Nanako O. and Kashiyama, Yuichiro and Takano, Yoshinori and Suga, Hisami and Tomitani, Akiko and Miyashita, Hideaki and Kitazato, Hiroshi and Ohkouchi, Naohiko},
   title = {Determination of aquatic food‐web structure based on compound‐specific nitrogen isotopic composition of amino acids},
   journal = {Limnology and oceanography, methods},
   volume = {7},
   number = {11},
   pages = {740-750},
   ISSN = {1541-5856},
   DOI = {10.4319/lom.2009.7.740},
   year = {2009},
   type = {Journal Article}
}

@article{Conway2015,
   author = {Conway-Cranos, L. and Kiffney, P. and Banas, N. and Plummer, M. and Naman, S. and MacCready, P. and Bucci, J. and Ruckelshaus, M.},
   title = {Stable isotopes and oceanographic modeling reveal spatial and trophic connectivity among terrestrial, estuarine, and marine environments},
   journal = {Marine ecology. Progress series (Halstenbek)},
   volume = {533},
   pages = {15-28},
   ISSN = {0171-8630},
   DOI = {10.3354/meps11318},
   year = {2015},
   type = {Journal Article}
}

@article{Cunningham2018,
   author = {Cunningham, Curry J. and Westley, Peter A. H. and Adkison, Milo D.},
   title = {Signals of large scale climate drivers, hatchery enhancement, and marine factors in Yukon River Chinook salmon survival revealed with a Bayesian life history model},
   journal = {Global change biology},
   volume = {24},
   number = {9},
   pages = {4399-4416},
   ISSN = {1354-1013},
   DOI = {10.1111/gcb.14315},
   year = {2018},
   type = {Journal Article}
}



@article{delaVega2019,
   author = {de la Vega, Camille and Jeffreys, Rachel M. and Tuerena, Robyn and Ganeshram, Raja and Mahaffey, Claire},
   title = {Temporal and spatial trends in marine carbon isotopes in the Arctic Ocean and implications for food web studies},
   journal = {Global change biology},
   volume = {25},
   number = {12},
   pages = {4116-4130},
   ISSN = {1354-1013},
   DOI = {10.1111/gcb.14832},
   year = {2019},
   type = {Journal Article}
}

@article{delaVega2021,
   author = {de la Vega, Camille and Mahaffey, Claire and Tuerena, Robyn E. and Yurkowski, David J. and Ferguson, Steven H. and Stenson, Garry B. and Nordøy, Erling S. and Haug, Tore and Biuw, Martin and Smout, Sophie and Hopkins, Jo and Tagliabue, Alessandro and Jeffreys, Rachel M.},
   title = {Arctic seals as tracers of environmental and ecological change},
   journal = {Limnology and oceanography letters},
   volume = {6},
   number = {1},
   pages = {24-32},
   ISSN = {2378-2242},
   DOI = {10.1002/lol2.10176},
   year = {2021},
   type = {Journal Article}
}

@article{DiLorenzo2008,
   author = {Di Lorenzo, E. and Schneider, N. and Cobb, K. M. and Franks, P. J. S. and Chhak, K. and Miller, A. J. and McWilliams, J. C. and Bograd, S. J. and Arango, H. and Curchitser, E. and Powell, T. M. and Rivière, P.},
   title = {North Pacific Gyre Oscillation links ocean climate and ecosystem change},
   journal = {Geophysical research letters},
   volume = {35},
   number = {8},
   pages = {L08607-n/a},
   ISSN = {0094-8276},
   DOI = {10.1029/2007GL032838},
   year = {2008},
   type = {Journal Article}
}

@article{Dortch1989,
   author = {Dortch, Q. and Postel, J. R.},
   title = {Biochemical Indicators of N Utilization by Phytoplankton During Upwelling Off the Washington Coast},
   journal = {Limnology and oceanography},
   volume = {34},
   number = {4},
   pages = {758-773},
   ISSN = {0024-3590},
   year = {1989},
   type = {Journal Article}
}

@article{Du2014,
   author = {Du, Xiuning and Peterson, William T.},
   title = {Seasonal Cycle of Phytoplankton Community Composition in the Coastal Upwelling System Off Central Oregon in 2009},
   journal = {Estuaries and coasts},
   volume = {37},
   number = {2},
   pages = {299-311},
   ISSN = {1559-2723},
   DOI = {10.1007/s12237-013-9679-z},
   year = {2014},
   type = {Journal Article}
}

@misc{Du2015,
   pages = {31-54},
   DOI= {10.1017/CBO9781139924856.003},
   year = {2015},
   type = {Generic}
}

@book{Fry2006,
   author = {Fry, Brian},
   title = {Stable isotope ecology},
   publisher = {New York : Springer},
   address = {New York},
   year = {2006},
   type = {Book}
}

@article{Germain2013,
   author = {Germain, Leslie R. and Koch, Paul L. and Harvey, James and McCarthy, Matthew D.},
   title = {Nitrogen isotope fractionation in amino acids from harbor seals: implications for compound-specific trophic position calculations},
   journal = {Marine ecology. Progress series (Halstenbek)},
   volume = {482},
   pages = {265-277},
   ISSN = {0171-8630},
   DOI = {10.3354/meps10257},
   year = {2013},
   type = {Journal Article}
}

@misc{Graham2010,
   pages = {299-318},
   DOI= {10.1007/978-90-481-3354-3_14},
   year = {2009},
   type = {Generic}
}

@article{Gregg2003,
   author = {Gregg, Watson W. and Conkright, Margarita E. and Ginoux, Paul and O'Reilly, John E. and Casey, Nancy W.},
   title = {Ocean primary production and climate: Global decadal changes: OCEAN PRIMARY PRODUCTION AND CLIMATE},
   journal = {Geophysical research letters},
   volume = {30},
   number = {15},
   ISSN = {0094-8276},
   DOI = {10.1029/2003GL016889},
   year = {2003},
   type = {Journal Article}
}

@article{Hobson1992,
   author = {Hobson, K. A. and Clark, R. G.},
   title = {Assessing avian diets using stable isotopes I : Turnover of 13C in tissues},
   journal = {The Condor (Los Angeles, Calif.)},
   volume = {94},
   number = {1},
   pages = {181-188},
   ISSN = {0010-5422},
   year = {1992},
   type = {Journal Article}
}

@article{Hobson1996,
   author = {Hobson, K. A. and Schell, D. M. and Renouf, D. and Noseworthy, E.},
   title = {Stable carbon and nitrogen isotopic fractionation between diet and tissues of captive seals : implications for dietary reconstructions involving marine mammals},
   journal = {Canadian journal of fisheries and aquatic sciences},
   volume = {53},
   number = {3},
   pages = {528-533},
   ISSN = {0706-652X},
   DOI = {10.1139/cjfas-53-3-528},
   year = {1996},
   type = {Journal Article}
}

@article{Hoegh2010,
   author = {Hoegh-Guldberg, Ove and Bruno, John F.},
   title = {The Impact of Climate Change on the World's Marine Ecosystems},
   journal = {Science (American Association for the Advancement of Science)},
   volume = {328},
   number = {5985},
   pages = {1523-1528},
   ISSN = {0036-8075},
   DOI = {10.1126/science.1189930},
   year = {2010},
   type = {Journal Article}
}

@article{Howe2015,
   author = {Howe, E. R. and Simenstad, C. A.},
   title = {Using stable isotopes to discern mechanisms of connectivity in estuarine detritus-based food webs},
   journal = {Marine ecology. Progress series (Halstenbek)},
   volume = {518},
   pages = {13-29},
   ISSN = {0171-8630},
   DOI = {10.3354/meps11066},
   year = {2015},
   type = {Journal Article}
}

@article{Jennings2010,
   author = {Jennings, Simon and Brander, Keith},
   title = {Predicting the effects of climate change on marine communities and the consequences for fisheries},
   journal = {Journal of marine systems},
   volume = {79},
   number = {3},
   pages = {418-426},
   ISSN = {0924-7963},
   DOI = {10.1016/j.jmarsys.2008.12.016},
   year = {2010},
   type = {Journal Article}
}

@article{Jorgensen2016,
   author = {Jorgensen, Jeffrey C. and Ward, Eric J. and Scheuerell, Mark D. and Zabel, Richard W.},
   title = {Assessing spatial covariance among time series of abundance},
   journal = {Ecology and Evolution},
   volume = {6},
   number = {8},
   pages = {2472-2485},
   ISSN = {2045-7758},
   DOI = {10.1002/ece3.2031},
   year = {2016},
   type = {Journal Article}
}

@article{Jungbluth2017,
   author = {Jungbluth, M. J. and Selph, K. E. and Lenz, P. H. and Goetze, E.},
   title = {Species-specific grazing and significant trophic impacts by two species of copepod nauplii, Parvocalanus crassirostris and Bestiolina similis},
   journal = {Marine ecology. Progress series (Halstenbek)},
   volume = {572},
   pages = {57-76},
   ISSN = {0171-8630},
   DOI = {10.3354/meps12139},
   year = {2017},
   type = {Journal Article}
}

@article{Kudela2008,
   author = {Kudela, Raphael and Banas, Neil and Barth, John and Frame, Elizabeth and Jay, David and Largier, John and Lessard, Evelyn and Peterson, Tawnya and Vander Woude, Andrea},
   title = {New Insights into the Controls and Mechanisms of Plankton Productivity in Coastal Upwelling Waters of the Northern California Current System},
   journal = {Oceanography (Washington, D.C.)},
   volume = {21},
   number = {4},
   pages = {46-59},
   ISSN = {1042-8275},
   DOI = {10.5670/oceanog.2008.04},
   year = {2008},
   type = {Journal Article}
}

@article{Kudela2009,
   author = {Kudela, Raphael M. and Peterson, Tawnya D.},
   title = {Influence of a buoyant river plume on phytoplankton nutrient dynamics: What controls standing stocks and productivity?},
   journal = {Journal of Geophysical Research: Oceans},
   volume = {114},
   number = {C2},
   pages = {C00B11-n/a},
   ISSN = {0148-0227},
   DOI = {10.1029/2008JC004913},
   year = {2009},
   type = {Journal Article}
}

@article{Kwiatkowski2017,
   author = {Kwiatkowski, Lester and Bopp, Laurent and Aumont, Olivier and Ciais, Philippe and Cox, Peter M. and Laufkötter, Charlotte and Li, Yue and Séférian, Roland},
   title = {Emergent constraints on projections of declining primary production in the tropical oceans},
   journal = {Nature climate change},
   volume = {7},
   number = {5},
   pages = {355-358},
   ISSN = {1758-678X},
   DOI = {10.1038/nclimate3265},
   year = {2017},
   type = {Journal Article}
}


@article{Lance2012,
   author = {Lance, M. M. and Chang, W. Y. and Jeffries, S. J. and Pearson, S. F. and Acevedo-Gutiérrez, A.},
   title = {Harbor seal diet in northern Puget Sound: implications for the recovery of depressed fish stocks},
   journal = {Marine ecology. Progress series (Halstenbek)},
   volume = {464},
   pages = {257-271},
   ISSN = {0171-8630},
   DOI = {10.3354/meps09880},
   year = {2012},
   type = {Journal Article}
}

@article{Larsen2013,
   author = {Larsen, Thomas and Ventura, Marc and Andersen, Nils and O'Brien, Diane M. and Piatkowski, Uwe and McCarthy, Matthew D.},
   title = {Tracing carbon sources through aquatic and terrestrial food webs using amino acid stable isotope fingerprinting},
   journal = {PloS one},
   volume = {8},
   number = {9},
   pages = {e73441-e73441},
   ISSN = {1932-6203},
   DOI = {10.1371/journal.pone.0073441},
   year = {2013},
   type = {Journal Article}
}

@article{Lehmann2005,
   author = {Lehmann, Moritz F. and Sigman, Daniel M. and McCorkle, Daniel C. and Brunelle, Brigitte G. and Hoffmann, Sharon and Kienast, Markus and Cane, Greg and Clement, Jaclyn},
   title = {Origin of the deep Bering Sea nitrate deficit: Constraints from the nitrogen and oxygen isotopic composition of water column nitrate and benthic nitrate fluxes},
   journal = {Global biogeochemical cycles},
   volume = {19},
   number = {4},
   pages = {GB4005-n/a},
   ISSN = {0886-6236},
   DOI = {10.1029/2005GB002508},
   year = {2005},
   type = {Journal Article}
}

@article{Litzow2020,
   author = {Litzow, Michael A. and Hunsicker, Mary E. and Bond, Nicholas A. and Burke, Brian J. and Cunningham, Curry J. and Gosselin, Jennifer L. and Norton, Emily L. and Ward, Eric J. and Zador, Stephani G.},
   title = {The changing physical and ecological meanings of North Pacific Ocean climate indices},
   journal = {Proceedings of the National Academy of Sciences - PNAS},
   volume = {117},
   number = {14},
   pages = {7665-7671},
   ISSN = {0027-8424},
   DOI = {10.1073/pnas.1921266117},
   year = {2020},
   type = {Journal Article}
}

@article{Lorrain2020,
   author = {Lorrain, Anne and Pethybridge, Heidi and Cassar, Nicolas and Receveur, Aurore and Allain, Valérie and Bodin, Nathalie and Bopp, Laurent and Choy, C. Anela and Duffy, Leanne and Fry, Brian and Goñi, Nicolas and Graham, Brittany S. and Hobday, Alistair J. and Logan, John M. and Ménard, Frederic and Menkes, Christophe E. and Olson, Robert J. and Pagendam, Dan E. and Point, David and Revill, Andrew T. and Somes, Christopher J. and Young, Jock W.},
   title = {Trends in tuna carbon isotopes suggest global changes in pelagic phytoplankton communities},
   journal = {Global change biology},
   volume = {26},
   number = {2},
   pages = {458-470},
   ISSN = {1354-1013},
   DOI = {10.1111/gcb.14858},
   year = {2020},
   type = {Journal Article}
}

@article{Mantua1997,
   author = {Mantua, Nathan J. and Hare, Steven R. and Zhang, Yuan and Wallace, John M. and Francis, Robert C.},
   title = {A Pacific Interdecadal Climate Oscillation with Impacts on Salmon Production},
   journal = {Bulletin of the American Meteorological Society},
   volume = {78},
   number = {6},
   pages = {1069-1079},
   ISSN = {0003-0007},
   DOI = {10.1175/1520-0477(1997)078<1069:APICOW>2.0.CO;2},
   year = {1997},
   type = {Journal Article}
}

@article{Marinov2010,
   author = {Marinov, I. and Doney, S. C. and Lima, I. D.},
   title = {Response of ocean phytoplankton community structure to climate change over the 21st century: partitioning the effects of nutrients, temperature and light},
   journal = {Biogeosciences},
   volume = {7},
   number = {12},
   pages = {3941-3959},
   ISSN = {1726-4189
1726-4170},
   DOI = {10.5194/bg-7-3941-2010},
   year = {2010},
   type = {Journal Article}
}



@article{McCann2005,
   author = {McCann, K. S. and Rasmussen, J. B. and Umbanhowar, J.},
   title = {The dynamics of spatially coupled food webs},
   journal = {Ecology letters},
   volume = {8},
   number = {5},
   pages = {513-523},
   ISSN = {1461-023X},
   DOI = {10.1111/j.1461-0248.2005.00742.x},
   year = {2005},
   type = {Journal Article}
}

@article{McCann2006,
   author = {McCann, Kevin and Moore, John C. and Gellner, Gabriel and Rooney, Neil},
   title = {Structural asymmetry and the stability of diverse food webs},
   journal = {Nature (London)},
   volume = {442},
   number = {7100},
   pages = {265-269},
   ISSN = {0028-0836},
   DOI = {10.1038/nature04887},
   year = {2006},
   type = {Journal Article}
}

@article{McClelland2002,
   author = {McClelland, J. W. and Montoya, J. P.},
   title = {Trophic Relationships and the Nitrogen Isotopic Composition of Amino Acids in Plankton},
   journal = {Ecology (Durham)},
   volume = {83},
   number = {8},
   pages = {2173-2180},
   ISSN = {0012-9658},
   DOI = {10.1890/0012-9658(2002)083[2173:TRATNI]2.0.CO;2},
   year = {2002},
   type = {Journal Article}
}



@article{McMahon2019,
   author = {McMahon, Kelton W. and Michelson, Chantel I. and Hart, Tom and McCarthy, Matthew D. and Patterson, William P. and Polito, Michael J.},
   title = {Divergent trophic responses of sympatric penguin species to historic anthropogenic exploitation and recent climate change},
   journal = {Proceedings of the National Academy of Sciences - PNAS},
   volume = {116},
   number = {51},
   pages = {25721-25727},
   ISSN = {0027-8424},
   DOI = {10.1073/pnas.1913093116},
   year = {2019},
   type = {Journal Article}
}

@article{Meunier2016,
   author = {Meunier, Cédric L. and Boersma, Maarten and Wiltshire, Karen H. and Malzahn, Arne M.},
   title = {Zooplankton eat what they need: copepod selective feeding and potential consequences for marine systems},
   journal = {Oikos},
   volume = {125},
   number = {1},
   pages = {50-58},
   ISSN = {0030-1299
1600-0706},
   DOI = {10.1111/oik.02072},
   year = {2016},
   type = {Journal Article}
}

@article{Misarti2009,
   author = {Misarti, Nicole and Finney, Bruce and Maschner, Herbert and Wooller, Matthew J.},
   title = {Changes in northeast Pacific marine ecosystems over the last 4500 years: evidence from stable isotope analysis of bone collagen from archeological middens},
   journal = {Holocene (Sevenoaks)},
   volume = {19},
   number = {8},
   pages = {1139-1151},
   ISSN = {0959-6836},
   DOI = {10.1177/0959683609345075},
   year = {2009},
   type = {Journal Article}
}

@article{Moore2018,
   author = {Moore, J. Keith and Fu, Weiwei and Primeau, Francois and Britten, Gregory L. and Lindsay, Keith and Long, Matthew and Doney, Scott C. and Mahowald, Natalie and Hoffman, Forrest and Randerson, James T.},
   title = {Sustained climate warming drives declining marine biological productivity},
   journal = {Science (American Association for the Advancement of Science)},
   volume = {359},
   number = {6380},
   pages = {1139-1143},
   ISSN = {0036-8075},
   DOI = {10.1126/science.aao6379},
   year = {2018},
   type = {Journal Article}
}

@article{Morales2014,
   author = {Morales, Laura V. and Granger, Julie and Chang, Bonnie X. and Prokopenko, Maria G. and Plessen, Birgit and Gradinger, Rolf and Sigman, Daniel M.},
   title = {Elevated 15N/14N in particulate organic matter, zooplankton, and diatom frustule-bound nitrogen in the ice-covered water column of the Bering Sea eastern shelf: Understanding Ecosystem Processes in the Eastern Bering Sea III},
   journal = {Deep-sea research. Part II, Topical studies in oceanography},
   volume = {109},
   pages = {100-111},
   ISSN = {0967-0645},
   year = {2014},
   type = {Journal Article}
}

@article{Munch2018,
   author = {Munch, Stephan B. and Giron‐Nava, Alfredo and Sugihara, George},
   title = {Nonlinear dynamics and noise in fisheries recruitment: A global meta‐analysis},
   journal = {Fish and fisheries (Oxford, England)},
   volume = {19},
   number = {6},
   pages = {964-973},
   ISSN = {1467-2960},
   DOI = {10.1111/faf.12304},
   year = {2018},
   type = {Journal Article}
}

@article{Narwani2012,
   author = {Narwani, Anita and Mazumder, Asit},
   title = {Bottom-up effects of species diversity on the functioning and stability of food webs},
   journal = {The Journal of animal ecology},
   volume = {81},
   number = {3},
   pages = {701-713},
   ISSN = {0021-8790},
   DOI = {10.1111/j.1365-2656.2011.01949.x},
   year = {2012},
   type = {Journal Article}
}



@article{Ohkouchi2017,
   author = {Ohkouchi, Naohiko and Chikaraishi, Yoshito and Close, Hilary G. and Fry, Brian and Larsen, Thomas and Madigan, Daniel J. and McCarthy, Matthew D. and McMahon, Kelton W. and Nagata, Toshi and Naito, Yuichi I. and Ogawa, Nanako O. and Popp, Brian N. and Steffan, Shawn and Takano, Yoshinori and Tayasu, Ichiro and Wyatt, Alex S. J. and Yamaguchi, Yasuhiko T. and Yokoyama, Yusuke},
   title = {Advances in the application of amino acid nitrogen isotopic analysis in ecological and biogeochemical studies},
   journal = {Organic geochemistry},
   volume = {113},
   pages = {150-174},
   ISSN = {0146-6380},
   DOI = {10.1016/j.orggeochem.2017.07.009},
   year = {2017},
   type = {Journal Article}
}

@article{Ohlberger2016,
   author = {Ohlberger, Jan and Scheuerell, Mark D. and Schindler, Daniel E. and Peters, D. P. C.},
   title = {Population coherence and environmental impacts across spatial scales: a case study of Chinook salmon},
   journal = {Ecosphere (Washington, D.C)},
   volume = {7},
   number = {4},
   pages = {n/a},
   ISSN = {2150-8925},
   DOI = {10.1002/ecs2.1333},
   year = {2016},
   type = {Journal Article}
}

@article{Puerta2019,
   author = {Puerta, Patricia and Ciannelli, Lorenzo and Rykaczewski, Ryan R. and Opiekun, Michael and Litzow, Michael A.},
   title = {Do Gulf of Alaska fish and crustacean populations show synchronous non-stationary responses to climate?},
   journal = {Progress in oceanography},
   volume = {175},
   pages = {161-170},
   ISSN = {0079-6611},
   DOI = {10.1016/j.pocean.2019.04.002},
   year = {2019},
   type = {Journal Article}
}

@article{Quay1992,
   author = {Quay, P. D. and Tilbrook, B. and Wong, C. S.},
   title = {Oceanic Uptake of Fossil Fuel CO2: Carbon-13 Evidence},
   journal = {Science (American Association for the Advancement of Science)},
   volume = {256},
   number = {5053},
   pages = {74-79},
   ISSN = {0036-8075},
   DOI = {10.1126/science.256.5053.74},
   year = {1992},
   type = {Journal Article}
}

@article{Sherwood2014,
   author = {Sherwood, Owen A. and Guilderson, Thomas P. and Batista, Fabian C. and Schiff, John T. and McCarthy, Matthew D.},
   title = {Increasing subtropical North Pacific Ocean nitrogen fixation since the Little Ice Age},
   journal = {Nature (London)},
   volume = {505},
   number = {7481},
   pages = {78-81},
   ISSN = {0028-0836},
   DOI = {10.1038/nature12784},
   year = {2014},
   type = {Journal Article}
}

@article{Sherwood2011,
   author = {Sherwood, Owen A. and Lehmann, Moritz F. and Schubert, Carsten J. and Scott, David B. and McCarthy, Matthew D.},
   title = {Nutrient regime shift in the western North Atlantic indicated by compound-specific δ15N of deep-sea gorgonian corals},
   journal = {Proceedings of the National Academy of Sciences - PNAS},
   volume = {108},
   number = {3},
   pages = {1011-1015},
   ISSN = {0027-8424},
   DOI = {10.1073/pnas.1004904108},
   year = {2011},
   type = {Journal Article}
}

@article{Smith2002,
   author = {Smith, Stacy L. and Henrichs, Susan M. and Rho, Taekeun},
   title = {Stable C and N isotopic composition of sinking particles and zooplankton over the southeastern Bering Sea shelf},
   journal = {Deep-sea research. Part II, Topical studies in oceanography},
   volume = {49},
   number = {26},
   pages = {6031-6050},
   ISSN = {0967-0645},
   DOI = {10.1016/S0967-0645(02)00332-6},
   year = {2002},
   type = {Journal Article}
}

@article{Stabeno2007,
   author = {Stabeno, P. J. and Bond, N. A. and Salo, S. A.},
   title = {On the recent warming of the southeastern Bering Sea shelf},
   journal = {Deep-sea research. Part II, Topical studies in oceanography},
   volume = {54},
   number = {23},
   pages = {2599-2618},
   ISSN = {0967-0645},
   DOI = {10.1016/j.dsr2.2007.08.023},
   year = {2007},
   type = {Journal Article}
}

@article{Stachura2014,
   author = {Stachura, Megan M. and Essington, Timothy E. and Mantua, Nathan J. and Hollowed, Anne B. and Haltuch, Melissa A. and Spencer, Paul D. and Branch, Trevor A. and Doyle, Miriam J.},
   title = {Linking Northeast Pacific recruitment synchrony to environmental variability},
   journal = {Fisheries oceanography},
   volume = {23},
   number = {5},
   pages = {389-408},
   ISSN = {1054-6006},
   DOI = {10.1111/fog.12066},
   year = {2014},
   type = {Journal Article}
}

@article{Strom2006,
   author = {Strom, S. L. and Olson, M. B. and Macri, E. L. and Mord, C. W.},
   title = {Cross-shelf gradients in phytoplankton community structure, nutrient utilization, and growth rate in the coastal Gulf of Alaska},
   journal = {Marine ecology. Progress series (Halstenbek)},
   volume = {328},
   pages = {75-92},
   ISSN = {0171-8630},
   DOI = {10.3354/meps328075},
   year = {2006},
   type = {Journal Article}
}

@article{Tagliabue2008,
   author = {Tagliabue, Alessandro and Bopp, Laurent},
   title = {Towards understanding global variability in ocean carbon-13},
   journal = {Global biogeochemical cycles},
   volume = {22},
   number = {1},
   pages = {GB1025-n/a},
   ISSN = {0886-6236},
   DOI = {10.1029/2007GB003037},
   year = {2008},
   type = {Journal Article}
}

@article{vanKlinken1999,
   author = {van Klinken, G. J.},
   title = {Bone Collagen Quality Indicators for Palaeodietary and Radiocarbon Measurements},
   journal = {Journal of archaeological science},
   volume = {26},
   number = {6},
   pages = {687-695},
   ISSN = {0305-4403},
   DOI = {10.1006/jasc.1998.0385},
   year = {1999},
   type = {Journal Article}
}



@article{Vecchi2010,
   author = {Vecchi, Gabriel A. and Wittenberg, Andrew T.},
   title = {El Niño and our future climate: where do we stand?},
   journal = {Wiley interdisciplinary reviews. Climate change},
   volume = {1},
   number = {2},
   pages = {260-270},
   ISSN = {1757-7780},
   DOI = {10.1002/wcc.33},
   year = {2010},
   type = {Journal Article}
}

@article{Vehtari2017,
   author = {Vehtari, Aki and Gelman, Andrew and Gabry, Jonah},
   title = {Practical Bayesian model evaluation using leave-one-out cross-validation and WAIC},
   journal = {Statistics and computing},
   volume = {27},
   number = {5},
   pages = {1413-1432},
   ISSN = {0960-3174},
   DOI = {10.1007/s11222-016-9696-4},
   year = {2017},
   type = {Journal Article}
}


@article{Vokshoori2014,
   author = {Vokhshoori, Natasha L. and McCarthy, Matthew D.},
   title = {Compound-specific δ15N amino acid measurements in littoral mussels in the California upwelling ecosystem: a new approach to generating baseline δ15N Isoscapes for coastal ecosystems},
   journal = {PloS one},
   volume = {9},
   number = {6},
   pages = {e98087-e98087},
   ISSN = {1932-6203},
   DOI = {10.1371/journal.pone.0098087},
   year = {2014},
   type = {Journal Article}
}



@article{Waite2013,
   author = {Waite, Jason N. and Mueter, Franz J.},
   title = {Spatial and temporal variability of chlorophyll-a concentrations in the coastal Gulf of Alaska, 1998–2011, using cloud-free reconstructions of SeaWiFS and MODIS-Aqua data},
   journal = {Progress in oceanography},
   volume = {116},
   pages = {179-192},
   ISSN = {0079-6611},
   DOI = {10.1016/j.pocean.2013.07.006},
   year = {2013},
   type = {Journal Article}
}

@book{Weisberg2011,
   author = {Weisberg, Sanford and Fox, John},
   title = {An R companion to applied regression},
   publisher = {Los Angeles : SAGE},
   address = {Los Angeles},
   edition = {2nd edition},
   year = {2011},
   type = {Book}
}

@article{Whitney2019,
   author = {Whitney, Nina M. and Johnson, Beverly J. and Dostie, Philip T. and Luzier, Katherine and Wanamaker, Alan D.},
   title = {Paired bulk organic and individual amino acid δ15N analyses of bivalve shell periostracum: A paleoceanographic proxy for water source variability and nitrogen cycling processes},
   journal = {Geochimica et cosmochimica acta},
   volume = {254},
   pages = {67-85},
   ISSN = {0016-7037},
   DOI = {10.1016/j.gca.2019.03.019},
   year = {2019},
   type = {Journal Article}
}

@article{Williams2007,
   author = {Williams, B. and Risk, M. and Stone, R. and Sinclair, D. and Ghaleb, B.},
   title = {Oceanographic changes in the North Pacific Ocean over the past century recorded in deep-water gorgonian corals},
   journal = {Marine ecology. Progress series (Halstenbek)},
   volume = {335},
   pages = {85-94},
   ISSN = {0171-8630},
   DOI = {10.3354/meps335085},
   year = {2007},
   type = {Journal Article}
}

@article{Wu1997,
   author = {Wu, Jinping and Calvert, S. E. and Wong, C. S.},
   title = {Nitrogen isotope variations in the subarctic northeast Pacific: relationships to nitrate utilization and trophic structure},
   journal = {Deep-sea research. Part I, Oceanographic research papers},
   volume = {44},
   number = {2},
   pages = {287-314},
   ISSN = {0967-0637},
   DOI = {10.1016/S0967-0637(96)00099-4},
   year = {1997},
   type = {Journal Article}
}

@article{Wu1997,
   author = {Wu, Jinping and Calvert, S. E. and Wong, C. S.},
   title = {Nitrogen isotope variations in the subarctic northeast Pacific: relationships to nitrate utilization and trophic structure},
   journal = {Deep-sea research. Part I, Oceanographic research papers},
   volume = {44},
   number = {2},
   pages = {287-314},
   ISSN = {0967-0637},
   DOI = {10.1016/S0967-0637(96)00099-4},
   year = {1997},
   type = {Journal Article}
}

@article{Du2015,
   author = {Xiuning, Du and William, Peterson and Linda, O’Higgins},
   title = {Interannual variations in phytoplankton community structure in the northern California Current during the upwelling seasons of 2001–2010},
   journal = {Marine ecology. Progress series (Halstenbek)},
   volume = {519},
   pages = {75-87},
   ISSN = {0171-8630},
   DOI = {10.3354/meps11097},
   year = {2015},
   type = {Journal Article}
}


@misc{Chikaraishi2010,
   volume = {26},
   ISBN = {0887-3763},
   year = {2011},
   type = {Generic}
}



@article{Espinasse2020,
   author = {Espinasse, Boris and Hunt, Brian P. V. and Batten, Sonia D. and Pakhomov, Evgeny A. and Tittensor, Derek},
   title = {Defining isoscapes in the Northeast Pacific as an index of ocean productivity},
   journal = {Global ecology and biogeography},
   volume = {29},
   number = {2},
   pages = {246-261},
   ISSN = {1466-822X},
   DOI = {10.1111/geb.13022},
   year = {2020},
   type = {Journal Article}
}

@misc{Frank2015,
   pages = {31-54},
   DOI= {10.1017/CBO9781139924856.003},
   year = {2015},
   type = {Generic}
}


@article{Huang2017,
   author = {Huang, Boyin and Thorne, Peter W. and Banzon, Viva F. and Boyer, Tim and Chepurin, Gennady and Lawrimore, Jay H. and Menne, Matthew J. and Smith, Thomas M. and Vose, Russell S. and Zhang, Huai-Min},
   title = {Extended Reconstructed Sea Surface Temperature, Version 5 (ERSSTv5): Upgrades, Validations, and Intercomparisons},
   journal = {Journal of climate},
   volume = {30},
   number = {20},
   pages = {8179-8205},
   ISSN = {0894-8755},
   DOI = {10.1175/JCLI-D-16-0836.1},
   year = {2017},
   type = {Journal Article}
}

@article{Latimer2009,
   author = {Latimer, A. M. and Banerjee, S. and Sang Jr, H. and Mosher, E. S. and Silander Jr, J. A.},
   title = {Hierarchical models facilitate spatial analysis of large data sets: a case study on invasive plant species in the northeastern United States},
   journal = {Ecology letters},
   volume = {12},
   number = {2},
   pages = {144-154},
   ISSN = {1461-023X},
   DOI = {10.1111/j.1461-0248.2008.01270.x},
   year = {2009},
   type = {Journal Article}
}

@article{Metges1996,
   author = {Metges, Cornelia C. and Petzke, Klaus-Jürgen and Hennig, Ulf},
   title = {Gas Chromatography/Combustion/Isotope Ratio Mass Spectrometric Comparison ofN-Acetyl- andN-Pivaloyl Amino Acid Esters to Measure15N Isotopic Abundances in Physiological Samples: A Pilot Study on Amino Acid Synthesis in the Upper Gastro-intestinal Tract of Minipigs},
   journal = {Journal of mass spectrometry.},
   volume = {31},
   number = {4},
   pages = {367-376},
   ISSN = {1076-5174},
   DOI = {10.1002/(SICI)1096-9888(199604)31:4<367::AID-JMS310>3.0.CO;2-V},
   year = {1996},
   type = {Journal Article}
}

@article{Munch2018,
   author = {Munch, Stephan B. and Giron‐Nava, Alfredo and Sugihara, George},
   title = {Nonlinear dynamics and noise in fisheries recruitment: A global meta‐analysis},
   journal = {Fish and fisheries (Oxford, England)},
   volume = {19},
   number = {6},
   pages = {964-973},
   ISSN = {1467-2960},
   DOI = {10.1111/faf.12304},
   year = {2018},
   type = {Journal Article}
}

@misc{Popp2007,
   volume = {1},
   pages = {173-190},
   ISBN = {1936-7961},
   DOI= {10.1016/S1936-7961(07)01012-3},
   year = {2007},
   type = {Generic}
}

@article{Stachura2014,
   author = {Stachura, Megan M. and Essington, Timothy E. and Mantua, Nathan J. and Hollowed, Anne B. and Haltuch, Melissa A. and Spencer, Paul D. and Branch, Trevor A. and Doyle, Miriam J.},
   title = {Linking Northeast Pacific recruitment synchrony to environmental variability},
   journal = {Fisheries oceanography},
   volume = {23},
   number = {5},
   pages = {389-408},
   ISSN = {1054-6006},
   DOI = {10.1111/fog.12066},
   year = {2014},
   type = {Journal Article}
}

@book{Weisberg2011,
   author = {Weisberg, Sanford and Fox, John},
   title = {An R companion to applied regression},
   publisher = {Los Angeles : SAGE},
   address = {Los Angeles},
   edition = {2nd edition},
   year = {2011},
   type = {Book}
}

