% Generated by Paperpile. Check out https://paperpile.com for more information.
% BibTeX export options can be customized via Settings -> BibTeX.

@ARTICLE{Kurihara2007,
  title   = "{Effects of increased seawater {pCO$_2$} on early development of the
             oyster \textit{Crassostrea gigas}}",
  author  = "Kurihara, H and Kato, S and Ishimatsu, A",
  journal = "Aquat. Biol.",
  volume  =  1,
  pages   = "91--98",
  month   =  oct,
  year    =  2007,
  issn    = "1864-7790, 1864-7782",
  doi     = "10.3354/ab00009"
}

@ARTICLE{Parker2011,
  title     = "{The proteomic response of larvae of the Sydney rock oyster,
               \textit{Saccostrea glomerata} to elevated {pCO$_2$}}",
  author    = "Parker, Laura and Ross, Pauline and Raftos, David and Thompson,
               Emma and O'Connor, Wayne",
  journal   = "Aust. Zool.",
  publisher = "Royal Zoological Society of NSW",
  volume    =  35,
  number    =  4,
  pages     = "1011--1023",
  year      =  2011,
  issn      = "0067-2238"
}

@ARTICLE{Waldbusser2015,
  title    = "{Ocean Acidification Has Multiple Modes of Action on Bivalve
              Larvae}",
  author   = "Waldbusser, George G and Hales, Burke and Langdon, Chris J and
              Haley, Brian A and Schrader, Paul and Brunner, Elizabeth L and
              Gray, Matthew W and Miller, Cale A and Gimenez, Iria and
              Hutchinson, Greg",
  journal  = "PLoS One",
  volume   =  10,
  number   =  6,
  pages    = "e0128376",
  month    =  jun,
  year     =  2015,
  language = "en",
  issn     = "1932-6203",
  pmid     = "26061095",
  doi      = "10.1371/journal.pone.0128376",
  pmc      = "PMC4465621"
}

@ARTICLE{Campos2016,
  title    = "{Shotgun proteomics to unravel marine mussel (\textit{Mytilus edulis})
              response to long-term exposure to low salinity and propranolol in
              a Baltic Sea microcosm}",
  author   = "Campos, Alexandre and Danielsson, Gabriela and Farinha, Ana Paula
              and Kuruvilla, Jacob and Warholm, Per and Cristobal, Susana",
  journal  = "J. Proteomics",
  volume   =  137,
  pages    = "97--106",
  month    =  mar,
  year     =  2016,
  language = "en",
  issn     = "1874-3919, 1876-7737",
  pmid     = "26820222",
  doi      = "10.1016/j.jprot.2016.01.010"
}

@ARTICLE{Zhang2015,
  title    = "{Proteomic basis of stress responses in the gills of the pacific
              oyster \textit{Crassostrea gigas}}",
  author   = "Zhang, Yang and Sun, Jin and Mu, Huawei and Li, Jun and Zhang,
              Yuehuan and Xu, Fengjiao and Xiang, Zhiming and Qian, Pei-Yuan
              and Qiu, Jian-Wen and Yu, Ziniu",
  journal  = "J. Proteome Res.",
  volume   =  14,
  number   =  1,
  pages    = "304--317",
  month    =  jan,
  year     =  2015,
  language = "en",
  issn     = "1535-3893, 1535-3907",
  pmid     = "25389644",
  doi      = "10.1021/pr500940s"
}

@ARTICLE{Dineshram2016,
  title    = "{Quantitative analysis of oyster larval proteome provides new
              insights into the effects of multiple climate change stressors}",
  author   = "Dineshram, Ramadoss and Chandramouli, Kondethimmanahalli and Ko,
              Ginger Wai Kuen and Zhang, Huoming and Qian, Pei-Yuan and Ravasi,
              Timothy and Thiyagarajan, Vengatesen",
  journal  = "Glob. Chang. Biol.",
  volume   =  22,
  number   =  6,
  pages    = "2054--2068",
  month    =  jun,
  year     =  2016,
  language = "en",
  issn     = "1354-1013, 1365-2486",
  pmid     = "26990129",
  doi      = "10.1111/gcb.13249"
}

@ARTICLE{Vargas-Albores2009,
  title    = "{The expression of protein disulfide isomerase from \textit{Litopenaeus
              vannamei} hemocytes is regulated by bacterial inoculation}",
  author   = "Vargas-Albores, Francisco and Mart{\'\i}nez-Mart{\'\i}nez,
              Alejandro and Aguilar-Campos, Jorge and Jim{\'e}nez-Vega,
              Florinda",
  journal  = "Comp. Biochem. Physiol. Part D Genomics Proteomics",
  volume   =  4,
  number   =  3,
  pages    = "141--146",
  month    =  sep,
  year     =  2009,
  language = "en",
  issn     = "1744-117X, 1878-0407",
  pmid     = "20403767",
  doi      = "10.1016/j.cbd.2009.01.001"
}

@ARTICLE{MacLean2010,
  title    = "{Skyline: an open source document editor for creating and
              analyzing targeted proteomics experiments}",
  author   = "MacLean, Brendan and Tomazela, Daniela M and Shulman, Nicholas
              and Chambers, Matthew and Finney, Gregory L and Frewen, Barbara
              and Kern, Randall and Tabb, David L and Liebler, Daniel C and
              MacCoss, Michael J",
  journal  = "Bioinformatics",
  volume   =  26,
  number   =  7,
  pages    = "966--968",
  month    =  apr,
  year     =  2010,
  language = "en",
  issn     = "1367-4803, 1367-4811",
  pmid     = "20147306",
  doi      = "10.1093/bioinformatics/btq054",
  pmc      = "PMC2844992"
}

@ARTICLE{Liu2015,
  title    = "{Heavy metal spatial variability and historical changes in the
              Yangtze River estuary and North Jiangsu tidal flat}",
  author   = "Liu, Zhiyong and Pan, Shaoming and Sun, Zhuyou and Ma, Renfeng
              and Chen, Lanhua and Wang, Yanlong and Wang, Shuao",
  journal  = "Mar. Pollut. Bull.",
  volume   =  98,
  number   = "1-2",
  pages    = "115--129",
  month    =  sep,
  year     =  2015,
  language = "en",
  issn     = "0025-326X, 1879-3363",
  pmid     = "26159727",
  doi      = "10.1016/j.marpolbul.2015.07.006"
}

@ARTICLE{Pennock1986,
  title     = "{Phytoplankton production in the Delaware Estuary: temporal and
               spatial variability}",
  author    = "Pennock, Jonathan R and Sharp, Jonathan H",
  journal   = "Mar. Ecol. Prog. Ser.",
  publisher = "Inter-Research Science Center",
  volume    =  34,
  number    = "1/2",
  pages     = "143--155",
  year      =  1986,
  issn      = "0171-8630, 1616-1599"
}

@ARTICLE{Livingstone1981,
  title  = "Induction of Enzymes as a Mechanism for the Seasonal Control of Metabolism in Marine Invertebrates: Glucose-6-Phosphate Dehydrogenases from the Mantle and Hepatopancreas of the Common Mussel \textit{Mytilus edulis} L.",
  author = "Livingstone, David R.",
  journal = "Comparative Biochemistry and Physiology Part B: Comparative Biochemistry",
  volume = 69,
  number = "2",
  pages = "147--156"
}

@ARTICLE{Abele2007,
  title    = "{Marine invertebrate mitochondria and oxidative stress}",
  author   = "Abele, Eoris and Philip, Eva and Gonzalez, Paula M and Puntarulo,
              Susana",
  journal  = "Front. Biosci.",
  volume   =  12,
  pages    = "933--946",
  month    =  jan,
  year     =  2007,
  language = "en",
  issn     = "1093-9946, 1093-4715",
  pmid     = "17127350"
}

@ARTICLE{Timmins-Schiffman2017,
  title    = "{Integrating Discovery-driven Proteomics and Selected Reaction
              Monitoring To Develop a Noninvasive Assay for Geoduck
              Reproductive Maturation}",
  author   = "Timmins-Schiffman, Emma B and Crandall, Grace A and Vadopalas,
              Brent and Riffle, Michael E and Nunn, Brook L and Roberts, Steven
              B",
  journal  = "J. Proteome Res.",
  volume   =  16,
  number   =  9,
  pages    = "3298--3309",
  month    =  sep,
  year     =  2017,
  language = "en",
  issn     = "1535-3893, 1535-3907",
  pmid     = "28730805",
  doi      = "10.1021/acs.jproteome.7b00288"
}

@ARTICLE{Wu1998,
  title    = "{A conserved domain for glycogen binding in protein phosphatase-1
              targeting subunits}",
  author   = "Wu, J and Liu, J and Thompson, I and Oliver, C J and Shenolikar,
              S and Brautigan, D L",
  journal  = "FEBS Lett.",
  volume   =  439,
  number   = "1-2",
  pages    = "185--191",
  month    =  nov,
  year     =  1998,
  language = "en",
  issn     = "0014-5793",
  pmid     = "9849903"
}

@ARTICLE{Wei2015,
  title    = "{Combined metabolome and proteome analysis of the mantle tissue
              from Pacific oyster \texit{Crassostrea gigas} exposed to elevated {pCO$_2$}}",
  author   = "Wei, Lei and Wang, Qing and Ning, Xuanxuan and Mu, Changkao and
              Wang, Chunlin and Cao, Ruiwen and Wu, Huifeng and Cong, Ming and
              Li, Fei and Ji, Chenglong and Zhao, Jianmin",
  journal  = "Comp. Biochem. Physiol. Part D Genomics Proteomics",
  volume   =  13,
  pages    = "16--23",
  month    =  mar,
  year     =  2015,
  language = "en",
  issn     = "1744-117X, 1878-0407",
  pmid     = "25559488",
  doi      = "10.1016/j.cbd.2014.12.001"
}

@ARTICLE{Lamb2017,
  title    = "{Seagrass ecosystems reduce exposure to bacterial pathogens of
              humans, fishes, and invertebrates}",
  author   = "Lamb, Joleah B and van de Water, Jeroen A J M and Bourne, David G
              and Altier, Craig and Hein, Margaux Y and Fiorenza, Evan A and
              Abu, Nur and Jompa, Jamaluddin and Harvell, C Drew",
  journal  = "Science",
  volume   =  355,
  number   =  6326,
  pages    = "731--733",
  month    =  feb,
  year     =  2017,
  language = "en",
  issn     = "0036-8075, 1095-9203",
  pmid     = "28209895",
  doi      = "10.1126/science.aal1956"
}

@ARTICLE{Grabowski2012,
  title   = "{Economic Valuation of Ecosystem Services Provided by Oyster Reefs}",
  author  = "Grabowski, Jonathan H and Brumbaugh, Robert D and Conrad, Robert F
             and Keeler, Andrew G and Opaluch, James J and Peterson, Charles H
             and Piehler, Michael F and Powers, Sean P and Smyth, Ashley R",
  journal = "Bioscience",
  volume  =  62,
  number  =  10,
  pages   = "900--909",
  year    =  2012,
  eprint  = "http://dx.doi.org/10.1525/bio.2012.62.10.10",
  issn    = "0006-3568",
  doi     = "10.1525/bio.2012.62.10.10"
}

@ARTICLE{Meistertzheim2007,
  title    = "{Identification of differentially expressed genes of the Pacific
              oyster \textit{Crassostrea gigas} exposed to prolonged thermal stress}",
  author   = "Meistertzheim, Anne-Leila and Tanguy, Arnaud and Moraga, Dario
              and Th{\'e}bault, Marie-Th{\'e}r{\`e}se",
  journal  = "FEBS J.",
  volume   =  274,
  number   =  24,
  pages    = "6392--6402",
  month    =  dec,
  year     =  2007,
  language = "en",
  issn     = "1742-464X",
  pmid     = "18005253",
  doi      = "10.1111/j.1742-4658.2007.06156.x"
}

@ARTICLE{Banas2007,
  title     = "{Tidal exchange, bivalve grazing, and patterns of primary
               production in Willapa Bay, Washington, USA}",
  author    = "Banas, N S and Hickey, B M and Newton, J A and Ruesink, J L",
  journal   = "Mar. Ecol. Prog. Ser.",
  publisher = "Inter-Research Science Center",
  volume    =  341,
  pages     = "123--139",
  year      =  2007,
  issn      = "0171-8630, 1616-1599"
}

@ARTICLE{Riviere2015,
  title    = "{GigaTON: an extensive publicly searchable database providing a
              new reference transcriptome in the Pacific oyster \textit{Crassostrea
              gigas}}",
  author   = "Riviere, Guillaume and Klopp, Christophe and Ibouniyamine,
              Nabihoudine and Huvet, Arnaud and Boudry, Pierre and Favrel,
              Pascal",
  journal  = "BMC Bioinformatics",
  volume   =  16,
  pages    = "401",
  month    =  dec,
  year     =  2015,
  language = "en",
  issn     = "1471-2105",
  pmid     = "26627443",
  doi      = "10.1186/s12859-015-0833-4",
  pmc      = "PMC4667447"
}

@ARTICLE{Sussarellu2012,
  title   = "{Molecular and cellular response to short-term oxygen variations in
             the Pacific oyster \textit{Crassostrea gigas}}",
  author  = "Sussarellu, Rossana and Fabioux, Caroline and Camacho Sanchez,
             Miguel and Le Go{\"\i}c, Nelly and Lambert, Christophe and
             Soudant, Philippe and Moraga, Dario",
  journal = "J. Exp. Mar. Bio. Ecol.",
  volume  =  412,
  pages   = "87--95",
  month   =  jan,
  year    =  2012,
  issn    = "0022-0981",
  doi     = "10.1016/j.jembe.2011.11.007"
}

@ARTICLE{Cheney2000,
  title     = "{Summer Mortality of Pacific Oysters, \textit{Crassostrea gigas}
               (Thunberg): Initial Findings on Multiple Environmental Stressors
               in Puget Sound, Washington, 1998}",
  author    = "Cheney, D P and MacDonald, B F and Elston, R A",
  journal   = "J. Shellfish Res.",
  publisher = "[S.l. :National Shellfisheries Association,",
  volume    =  19,
  number    =  1,
  pages     = "6",
  year      =  2000,
  copyright = "In copyright. Digitized with the permission of the rights
               holder.",
  issn      = "0730-8000"
}

@ARTICLE{Lannig2010,
  title     = "{Impact of Ocean Acidification on Energy Metabolism of Oyster,
               \textit{Crassostrea gigas} — Changes in Metabolic Pathways and Thermal
               Response}",
  author    = "Lannig, Gisela and Eilers, Silke and P{\"o}rtner, Hans O and
               Sokolova, Inna M and Bock, Christian",
  journal   = "Mar. Drugs",
  publisher = "Molecular Diversity Preservation International",
  volume    =  8,
  number    =  8,
  pages     = "2318--2339",
  month     =  aug,
  year      =  2010,
  language  = "en",
  doi       = "10.3390/md8082318"
}

@ARTICLE{Banas2004,
  title     = "{Dynamics of Willapa Bay, Washington: A Highly Unsteady,
               Partially Mixed Estuary}",
  author    = "Banas, N S and Hickey, B M and MacCready, P and Newton, J A",
  journal   = "J. Phys. Oceanogr.",
  publisher = "American Meteorological Society",
  volume    =  34,
  number    =  11,
  pages     = "2413--2427",
  month     =  nov,
  year      =  2004,
  issn      = "0022-3670",
  doi       = "10.1175/JPO2637.1"
}

% The entry below contains non-ASCII chars that could not be converted
% to a LaTeX equivalent.
@ARTICLE{Michaelidis2005,
  title   = "{Extracellular and Intracellular Acid‐Base Status with Regard to
             the Energy Metabolism in the Oyster \textit{Crassostrea gigas} during
             Exposure to Air}",
  author  = "Michaelidis, Basile and Haas, Daniel and Grieshaber, Manfred K",
  journal = "Physiol. Biochem. Zool.",
  volume  =  78,
  number  =  3,
  pages   = "373--383",
  month   =  may,
  year    =  2005,
  issn    = "1522-2152, 1537-5293",
  doi     = "10.1086/430223"
}

@ARTICLE{Ekstrom2015,
  title     = "{Vulnerability and adaptation of US shellfisheries to ocean
               acidification}",
  author    = "Ekstrom, Julia A and Suatoni, Lisa and Cooley, Sarah R and
               Pendleton, Linwood H and Waldbusser, George G and Cinner, Josh E
               and Ritter, Jessica and Langdon, Chris and van Hooidonk, Ruben
               and Gledhill, Dwight and Wellman, Katharine and Beck, Michael W
               and Brander, Luke M and Rittschof, Dan and Doherty, Carolyn and
               Edwards, Peter E T and Portela, Rosimeiry",
  journal   = "Nat. Clim. Chang.",
  publisher = "Nature Research",
  volume    =  5,
  number    =  3,
  pages     = "207--214",
  month     =  feb,
  year      =  2015,
  language  = "en",
  issn      = "1758-678X, 1758-6798",
  doi       = "10.1038/nclimate2508"
}

@ARTICLE{Chapman2011,
  title    = "{The transcriptomic responses of the eastern oyster, \textit{Crassostrea virginica}, to environmental conditions}",
  author   = "Chapman, Robert W and Mancia, Annalaura and Beal, Marion and
              Veloso, Artur and Rathburn, Charles and Blair, Anne and Holland,
              A F and Warr, G W and Didinato, Guy and Sokolova, Inna M and
              Wirth, Edward F and Duffy, Edward and Sanger, Denise",
  journal  = "Mol. Ecol.",
  volume   =  20,
  number   =  7,
  pages    = "1431--1449",
  month    =  apr,
  year     =  2011,
  language = "en",
  issn     = "0962-1083, 1365-294X",
  pmid     = "21426432",
  doi      = "10.1111/j.1365-294X.2011.05018.x"
}

@ARTICLE{Ruesink2018,
  title     = "{Similar oyster reproduction across estuarine regions differing
               in carbonate chemistry}",
  author    = "Ruesink, J L and Sarich, A and Trimble, A C",
  journal   = "ICES J. Mar. Sci.",
  publisher = "Oxford University Press",
  volume    =  75,
  number    =  1,
  pages     = "340--350",
  month     =  jan,
  year      =  2018,
  issn      = "1054-3139",
  doi       = "10.1093/icesjms/fsx150"
}

@ARTICLE{Veldhoen2012,
  title    = "{Molecular profiling of marine fauna: integration of omics with
              environmental assessment of the world's oceans}",
  author   = "Veldhoen, Nik and Ikonomou, Michael G and Helbing, Caren C",
  journal  = "Ecotoxicol. Environ. Saf.",
  volume   =  76,
  number   =  2,
  pages    = "23--38",
  month    =  feb,
  year     =  2012,
  language = "en",
  issn     = "0147-6513, 1090-2414",
  pmid     = "22036265",
  doi      = "10.1016/j.ecoenv.2011.10.005"
}

@ARTICLE{Fuhrmann2018,
  title    = "{Metabolism of the Pacific oyster, \textit{Crassostrea gigas}, is influenced
              by salinity and modulates survival to the Ostreid herpesvirus
              OsHV-1}",
  author   = "Fuhrmann, Marine and Delisle, Lizenn and Petton, Bruno and
              Corporeau, Charlotte and Pernet, Fabrice",
  journal  = "Biol. Open",
  volume   =  7,
  number   =  2,
  month    =  feb,
  year     =  2018,
  language = "en",
  issn     = "2046-6390",
  pmid     = "29463513",
  doi      = "10.1242/bio.028134"
}

@INPROCEEDINGS{Serrano1993,
  title     = "{Effect of temperature on glycogen phosphorylase activity of
               \textit{Mytilus galloprovincialis} mantle tissue}",
  booktitle = "{Actas del IV congreso nacional de acuiculture, centro de
               investigaciones marinas, Pontevedra (Spain)}",
  author    = "Serrano, Fuencisla San Juan and Alonso, Pilar Suarez and Tascon,
               Marta Lombra{\~n}a and Martin, L Oscar Garcia",
  pages     = "425--430",
  year      =  1993
}

@ARTICLE{Gazeau2007,
  title   = "{Impact of elevated {CO$_2$} on shellfish calcification}",
  author  = "Gazeau, Fr{\'e}d{\'e}ric and Quiblier, Christophe and Jansen,
             Jeroen M and Gattuso, Jean-Pierre and Middelburg, Jack J and Heip,
             Carlo H R",
  journal = "Geophys. Res. Lett.",
  volume  =  34,
  number  =  7,
  pages   = "L07603",
  month   =  apr,
  year    =  2007,
  issn    = "0094-8276, 1944-8007",
  doi     = "10.1029/2006GL028554"
}

@ARTICLE{Sussarellu2010,
  title    = "{Transcriptomic response of the Pacific oyster \textit{Crassostrea gigas}
              to hypoxia}",
  author   = "Sussarellu, Rossana and Fabioux, Caroline and Le Moullac, Gilles
              and Fleury, Elodie and Moraga, Dario",
  journal  = "Mar. Genomics",
  volume   =  3,
  number   = "3-4",
  pages    = "133--143",
  month    =  sep,
  year     =  2010,
  language = "en",
  issn     = "1874-7787, 1876-7478",
  pmid     = "21798207",
  doi      = "10.1016/j.margen.2010.08.005"
}

@ARTICLE{Egertson2013,
  title    = "{Multiplexed MS/MS for improved data-independent acquisition}",
  author   = "Egertson, Jarrett D and Kuehn, Andreas and Merrihew, Gennifer E
              and Bateman, Nicholas W and MacLean, Brendan X and Ting, Ying S
              and Canterbury, Jesse D and Marsh, Donald M and Kellmann, Markus
              and Zabrouskov, Vlad and Wu, Christine C and MacCoss, Michael J",
  journal  = "Nat. Methods",
  volume   =  10,
  number   =  8,
  pages    = "744--746",
  month    =  aug,
  year     =  2013,
  language = "en",
  issn     = "1548-7091, 1548-7105",
  pmid     = "23793237",
  doi      = "10.1038/nmeth.2528",
  pmc      = "PMC3881977"
}

@ARTICLE{Timmins-Schiffman2014,
  title    = "{Shotgun proteomics reveals physiological response to ocean
              acidification in \textit{Crassostrea gigas}}",
  author   = "Timmins-Schiffman, Emma and Coffey, William D and Hua, Wilber and
              Nunn, Brook L and Dickinson, Gary H and Roberts, Steven B",
  journal  = "BMC Genomics",
  volume   =  15,
  pages    = "951",
  month    =  nov,
  year     =  2014,
  language = "en",
  issn     = "1471-2164",
  pmid     = "25362893",
  doi      = "10.1186/1471-2164-15-951",
  pmc      = "PMC4531390"
}

@ARTICLE{Pacella2018,
  title    = "{Seagrass habitat metabolism increases short-term extremes and
              long-term offset of {CO$_2$} under future ocean acidification}",
  author   = "Pacella, Stephen R and Brown, Cheryl A and Waldbusser, George G
              and Labiosa, Rochelle G and Hales, Burke",
  journal  = "Proc. Natl. Acad. Sci. U. S. A.",
  month    =  apr,
  year     =  2018,
  language = "en",
  issn     = "0027-8424, 1091-6490",
  pmid     = "29610330",
  doi      = "10.1073/pnas.1703445115"
}

@ARTICLE{Kultz2015,
  title   = "{Population-specific plasma proteomes of marine and freshwater
             three-spined sticklebacks (\textit{Gasterosteus aculeatus})}",
  author  = "K{\"u}ltz, Dietmar and Li, Johnathon and Zhang, Xuezhen and
             Villarreal, Fernando and Pham, Tuan and Paguio, Darlene",
  journal = "Proteomics",
  volume  =  15,
  number  = "23-24",
  pages   = "3980--3992",
  month   =  dec,
  year    =  2015,
  issn    = "1615-9853",
  doi     = "10.1002/pmic.201500132"
}

@ARTICLE{She2015,
  title    = "{Candidate Gene Polymorphisms and their Association with Glycogen
              Content in the Pacific Oyster \textit{Crassostrea gigas}}",
  author   = "She, Zhicai and Li, Li and Qi, Haigang and Song, Kai and Que,
              Huayong and Zhang, Guofan",
  journal  = "PLoS One",
  volume   =  10,
  number   =  5,
  pages    = "e0124401",
  month    =  may,
  year     =  2015,
  language = "en",
  issn     = "1932-6203",
  pmid     = "25951187",
  doi      = "10.1371/journal.pone.0124401",
  pmc      = "PMC4423957"
}

@ARTICLE{Livingstone2001,
  title    = "{Contaminant-stimulated reactive oxygen species production and
              oxidative damage in aquatic organisms}",
  author   = "Livingstone, David R",
  journal  = "Mar. Pollut. Bull.",
  volume   =  42,
  number   =  8,
  pages    = "656--666",
  month    =  aug,
  year     =  2001,
  language = "en",
  issn     = "0025-326X",
  pmid     = "11525283"
}

@ARTICLE{Flores-Nunes2015,
  title   = "{Effect of linear alkylbenzene mixtures and sanitary sewage in
             biochemical and molecular responses in Pacific oyster \textit{Crassostrea gigas}}",
  author  = "Flores-Nunes, Fabr{\'\i}cio and Mattos, Jac{\'o} J and Zacchi,
             Fl{\'a}via L and Serrano, Miguel A S and Piazza, Clei E and
             Sasaki, Silvio T and Taniguchi, Satie and Bicego, M{\'a}rcia C and
             Melo, Cl{\'a}udio M R and Bainy, Afonso C D",
  journal = "Environ. Sci. Pollut. Res.",
  volume  =  22,
  number  =  22,
  pages   = "17386--17396",
  month   =  nov,
  year    =  2015,
  issn    = "1614-7499",
  doi     = "10.1007/s11356-015-4486-7"
}

@ARTICLE{Timmins-Schiffman2013,
  title     = "{Elevated {pCO$_2$} causes developmental delay in early larval Pacific
               oysters, \textit{Crassostrea gigas}}",
  author    = "Timmins-Schiffman, Emma and O'Donnell, Michael J and Friedman,
               Carolyn S and Roberts, Steven B",
  journal   = "Mar. Biol.",
  publisher = "Springer Berlin Heidelberg",
  volume    =  160,
  number    =  8,
  pages     = "1973--1982",
  month     =  aug,
  year      =  2013,
  language  = "en",
  issn      = "0025-3162, 1432-1793",
  doi       = "10.1007/s00227-012-2055-x"
}

@ARTICLE{Muller2018,
  title   = "{Proteomic response of gill microsomes of \textit{Crassostrea brasiliana}
             exposed to diesel fuel water-accommodated fraction}",
  author  = "M{\"u}ller, Gabrielle do Amaral e Silva and L{\"u}chmann, Karim
             Hahn and Razzera, Guilherme and Toledo-Silva, Guilherme and
             Bebianno, Maria Jo{\~a}o and Marques, Maria Risoleta Freire and
             Bainy, Afonso Celso Dias",
  journal = "Aquat. Toxicol.",
  volume  =  201,
  pages   = "109--118",
  month   =  aug,
  year    =  2018,
  issn    = "0166-445X",
  doi     = "10.1016/j.aquatox.2018.06.001"
}

@ARTICLE{Shelton2010,
  title   = "{Temperature and community consequences of the loss of foundation
             species: Surfgrass (\textit{Phyllospadix spp}., Hooker) in tidepools}",
  author  = "Shelton, Andrew Olaf",
  journal = "J. Exp. Mar. Bio. Ecol.",
  volume  =  391,
  number  = "1--2",
  pages   = "35--42",
  month   =  aug,
  year    =  2010,
  issn    = "0022-0981",
  doi     = "10.1016/j.jembe.2010.06.003"
}

@ARTICLE{Bianucci2018,
  title   = "{Sensitivity of the regional ocean acidification and carbonate
             system in Puget Sound to ocean and freshwater inputs}",
  author  = "Bianucci, Laura and Long, Wen and Khangaonkar, Tarang and
             Pelletier, Gregory and Ahmed, Anise and Mohamedali, Teizeen and
             Roberts, Mindy and Figueroa-Kaminsky, Cristiana",
  journal = "Elem Sci Anth",
  volume  =  6,
  number  =  1,
  pages   = "22",
  year    =  2018,
  doi     = "10.1525/elementa.151"
}

@ARTICLE{Baumann2018,
  title   = "{Quantifying Metabolically Driven pH and Oxygen Fluctuations in US
             Nearshore Habitats at Diel to Interannual Time Scales}",
  author  = "Baumann, Hannes and Smith, Erik M",
  journal = "Estuaries Coasts",
  volume  =  41,
  number  =  4,
  pages   = "1102--1117",
  month   =  jun,
  year    =  2018,
  issn    = "1559-2723, 1559-2731",
  doi     = "10.1007/s12237-017-0321-3"
}

@ARTICLE{Zhang2014,
  title    = "{Proteomic identification of differentially expressed proteins in
              sea cucumber \textit{Apostichopus japonicus} coelomocytes after \textit{Vibrio
              splendidus} infection}",
  author   = "Zhang, Peng and Li, Chenghua and Li, Ye and Zhang, Pengjuan and
              Shao, Yina and Jin, Chunhua and Li, Taiwu",
  journal  = "Dev. Comp. Immunol.",
  volume   =  44,
  number   =  2,
  pages    = "370--377",
  month    =  jun,
  year     =  2014,
  language = "en",
  issn     = "0145-305X, 1879-0089",
  pmid     = "24468075",
  doi      = "10.1016/j.dci.2014.01.013"
}

@ARTICLE{Beyer2017,
  title    = "{Blue mussels (\textit{Mytilus edulis spp}.) as sentinel organisms in
              coastal pollution monitoring: A review}",
  author   = "Beyer, Jonny and Green, Norman W and Brooks, Steven and Allan,
              Ian J and Ruus, Anders and Gomes, T{\^a}nia and Br{\aa}te, Inger
              Lise N and Sch{\o}yen, Merete",
  journal  = "Mar. Environ. Res.",
  volume   =  130,
  pages    = "338--365",
  month    =  sep,
  year     =  2017,
  language = "en",
  issn     = "0141-1136, 1879-0291",
  pmid     = "28802590",
  doi      = "10.1016/j.marenvres.2017.07.024"
}

@ARTICLE{Silbiger2018,
  title    = "{Biophysical feedbacks mediate carbonate chemistry in coastal
              ecosystems across spatiotemporal gradients}",
  author   = "Silbiger, Nyssa J and Sorte, Cascade J B",
  journal  = "Sci. Rep.",
  volume   =  8,
  number   =  1,
  pages    = "796",
  month    =  jan,
  year     =  2018,
  language = "en",
  issn     = "2045-2322",
  pmid     = "29335493",
  doi      = "10.1038/s41598-017-18736-6",
  pmc      = "PMC5768679"
}

@ARTICLE{Lowe2018,
  title   = "{Ability of Eelgrass to Alter Oyster Growth and Physiology Is
             Spatially Limited and Offset by Increasing Predation Risk}",
  author  = "Lowe, Alexander T and Kobelt, Julia and Horwith, Micah and
             Ruesink, Jennifer",
  journal = "Estuaries Coasts",
  month   =  dec,
  year    =  2018,
  issn    = "1559-2723, 1559-2731",
  doi     = "10.1007/s12237-018-00488-9"
}

@ARTICLE{Feely2010,
  title   = "{The combined effects of ocean acidification, mixing, and
             respiration on pH and carbonate saturation in an urbanized estuary}",
  author  = "Feely, Richard A and Alin, Simone R and Newton, Jan and Sabine,
             Christopher L and Warner, Mark and Devol, Allan and Krembs,
             Christopher and Maloy, Carol",
  journal = "Estuar. Coast. Shelf Sci.",
  volume  =  88,
  number  =  4,
  pages   = "442--449",
  month   =  aug,
  year    =  2010,
  issn    = "0272-7714",
  doi     = "10.1016/j.ecss.2010.05.004"
}

@ARTICLE{Riebesell2015,
  title     = "{Lessons learned from ocean acidification research}",
  author    = "Riebesell, Ulf and Gattuso, Jean-Pierre",
  journal   = "Nat. Clim. Chang.",
  publisher = "Nature Publishing Group, a division of Macmillan Publishers
               Limited. All Rights Reserved.",
  volume    =  5,
  pages     = "12",
  month     =  jan,
  year      =  2015,
  issn      = "1758-678X",
  doi       = "10.1038/nclimate2456"
}

@ARTICLE{David2005,
  title    = "{Response of the Pacific oyster \textit{Crassostrea gigas} to hypoxia
              exposure under experimental conditions}",
  author   = "David, Elise and Tanguy, Arnaud and Pichavant, Karine and Moraga,
              Dario",
  journal  = "FEBS J.",
  volume   =  272,
  number   =  21,
  pages    = "5635--5652",
  month    =  nov,
  year     =  2005,
  language = "en",
  issn     = "1742-464X",
  pmid     = "16262701",
  doi      = "10.1111/j.1742-4658.2005.04960.x"
}

@ARTICLE{Plumel2013,
  title    = "{Mass spectrometry-based sequencing and SRM-based quantitation of
              two novel vitellogenin isoforms in the leatherback sea turtle
              (\textit{Dermochelys coriacea})}",
  author   = "Plumel, Marine I and Wasselin, Thierry and Plot, Virginie and
              Strub, Jean-Marc and Van Dorsselaer, Alain and Carapito,
              Christine and Georges, Jean-Yves and Bertile, Fabrice",
  journal  = "J. Proteome Res.",
  volume   =  12,
  number   =  9,
  pages    = "4122--4135",
  month    =  sep,
  year     =  2013,
  language = "en",
  issn     = "1535-3893, 1535-3907",
  pmid     = "23837631",
  doi      = "10.1021/pr400444m"
}

@ARTICLE{Ruesink2015,
  title   = "{Variability in Carbon Availability and Eelgrass (\textit{Zostera marina})
             Biometrics Along an Estuarine Gradient in Willapa Bay, WA, USA}",
  author  = "Ruesink, Jennifer L and Yang, Sylvia and Trimble, Alan C",
  journal = "Estuaries Coasts",
  volume  =  38,
  number  =  6,
  pages   = "1908--1917",
  month   =  nov,
  year    =  2015,
  issn    = "1559-2723, 1559-2731",
  doi     = "10.1007/s12237-014-9933-z"
}

@ARTICLE{Bacca2005,
  title    = "{Molecular cloning and seasonal expression of oyster glycogen
              phosphorylase and glycogen synthase genes}",
  author   = "Bacca, H and Huvet, A and Fabioux, C and Daniel, J-Y and
              Delaporte, M and Pouvreau, S and Van Wormhoudt, A and Moal, J",
  journal  = "Comp. Biochem. Physiol. B Biochem. Mol. Biol.",
  volume   =  140,
  number   =  4,
  pages    = "635--646",
  month    =  apr,
  year     =  2005,
  language = "en",
  issn     = "1096-4959",
  pmid     = "15763519",
  doi      = "10.1016/j.cbpc.2005.01.005"
}

@ARTICLE{Krishnakumar_l1994,
  title   = "{Effect of environmental contaminants on the health of \textit{Mytilus
             edulis} from Puget Sound, Washington, USA. I. Cytochemical measures
             of lysosomal responses in the digestive cells using automatic
             image analysis}",
  author  = "Krishnakumar 'l, P K and Casillas 2p, E and Varanasi, U",
  journal = "Vol.",
  volume  =  106,
  pages   = "249--261",
  year    =  1994
}

@ARTICLE{Meng2017,
  title    = "{Cadmium effects on DNA and protein metabolism in oyster
              (\textit{Crassostrea gigas}) revealed by proteomic analyses}",
  author   = "Meng, Jie and Wang, Wenxiong and Li, Li and Yin, Qi and Zhang,
              Guofan",
  journal  = "Sci. Rep.",
  volume   =  7,
  number   =  1,
  pages    = "11716",
  month    =  sep,
  year     =  2017,
  language = "en",
  issn     = "2045-2322",
  pmid     = "28916745",
  doi      = "10.1038/s41598-017-11894-7",
  pmc      = "PMC5601910"
}

@ARTICLE{Hoaglin1986,
  title     = "{Performance of Some Resistant Rules for Outlier Labeling}",
  author    = "Hoaglin, David C and Iglewicz, Boris and Tukey, John W",
  journal   = "J. Am. Stat. Assoc.",
  publisher = "Taylor \& Francis",
  volume    =  81,
  number    =  396,
  pages     = "991--999",
  month     =  dec,
  year      =  1986,
  issn      = "0162-1459",
  doi       = "10.1080/01621459.1986.10478363"
}

@ARTICLE{Cornwall2016,
  title     = "{Experimental design in ocean acidification research: problems
               and solutions}",
  author    = "Cornwall, Christopher E and Hurd, Catriona L",
  journal   = "ICES J. Mar. Sci.",
  publisher = "Oxford University Press",
  volume    =  73,
  number    =  3,
  pages     = "572--581",
  month     =  mar,
  year      =  2016,
  issn      = "1054-3139",
  doi       = "10.1093/icesjms/fsv118"
}

@ARTICLE{Guzy2006,
  title   = "{Oxygen sensing by mitochondria at complex III: 695 the paradox of
             increased reactive oxygen species during hypoxia. Experimental 696}",
  author  = "Guzy, R D and Schumaker, P T",
  journal = "Physiology",
  volume  =  91,
  number  = "807-819",
  pages   = "697",
  year    =  2006,
  issn    = "1548-9213"
}

@ARTICLE{Chambers2012,
  title    = "{A cross-platform toolkit for mass spectrometry and proteomics}",
  author   = "Chambers, Matthew C and Maclean, Brendan and Burke, Robert and
              Amodei, Dario and Ruderman, Daniel L and Neumann, Steffen and
              Gatto, Laurent and Fischer, Bernd and Pratt, Brian and Egertson,
              Jarrett and Hoff, Katherine and Kessner, Darren and Tasman,
              Natalie and Shulman, Nicholas and Frewen, Barbara and Baker,
              Tahmina A and Brusniak, Mi-Youn and Paulse, Christopher and
              Creasy, David and Flashner, Lisa and Kani, Kian and Moulding,
              Chris and Seymour, Sean L and Nuwaysir, Lydia M and Lefebvre,
              Brent and Kuhlmann, Frank and Roark, Joe and Rainer, Paape and
              Detlev, Suckau and Hemenway, Tina and Huhmer, Andreas and
              Langridge, James and Connolly, Brian and Chadick, Trey and Holly,
              Krisztina and Eckels, Josh and Deutsch, Eric W and Moritz, Robert
              L and Katz, Jonathan E and Agus, David B and MacCoss, Michael and
              Tabb, David L and Mallick, Parag",
  journal  = "Nat. Biotechnol.",
  volume   =  30,
  number   =  10,
  pages    = "918--920",
  month    =  oct,
  year     =  2012,
  language = "en",
  issn     = "1087-0156, 1546-1696",
  pmid     = "23051804",
  doi      = "10.1038/nbt.2377",
  pmc      = "PMC3471674"
}

@ARTICLE{Ting2015,
  title    = "{Peptide-Centric Proteome Analysis: An Alternative Strategy for
              the Analysis of Tandem Mass Spectrometry Data}",
  author   = "Ting, Ying S and Egertson, Jarrett D and Payne, Samuel H and Kim,
              Sangtae and MacLean, Brendan and K{\"a}ll, Lukas and Aebersold,
              Ruedi and Smith, Richard D and Noble, William Stafford and
              MacCoss, Michael J",
  journal  = "Mol. Cell. Proteomics",
  volume   =  14,
  number   =  9,
  pages    = "2301--2307",
  month    =  sep,
  year     =  2015,
  language = "en",
  issn     = "1535-9476, 1535-9484",
  pmid     = "26217018",
  doi      = "10.1074/mcp.O114.047035",
  pmc      = "PMC4563716"
}

@ARTICLE{Martin-Gomez2013,
  title    = "{Identification of relevant cancer related-genes in the flat
              oyster \textit{Ostrea edulis} affected by disseminated neoplasia}",
  author   = "Mart{\'\i}n-G{\'o}mez, Laura and Villalba, Antonio and Carballal,
              Maria Jes{\'u}s and Abollo, Elvira",
  journal  = "Mar. Biotechnol.",
  volume   =  15,
  number   =  2,
  pages    = "159--174",
  month    =  apr,
  year     =  2013,
  language = "en",
  issn     = "1436-2228, 1436-2236",
  pmid     = "22833317",
  doi      = "10.1007/s10126-012-9472-1"
}

@ARTICLE{Paerl2014,
  title   = "{Evolving Paradigms and Challenges in Estuarine and Coastal
             Eutrophication Dynamics in a Culturally and Climatically Stressed
             World}",
  author  = "Paerl, Hans W and Hall, Nathan S and Peierls, Benjamin L and
             Rossignol, Karen L",
  journal = "Estuaries Coasts",
  volume  =  37,
  number  =  2,
  pages   = "243--258",
  month   =  mar,
  year    =  2014,
  issn    = "1559-2723, 1559-2731",
  doi     = "10.1007/s12237-014-9773-x"
}

@ARTICLE{Flores-Nunes2015,
  title    = "{Changes in protein expression of Pacific oyster \textit{Crassostrea gigas}
              exposed in situ to urban sewage}",
  author   = "Flores-Nunes, Fabr{\'\i}cio and Gomes, T{\^a}nia and Company, Rui
              and Moraes, Roberta R M and Sasaki, Silvio T and Taniguchi, Satie
              and Bicego, M{\'a}rcia C and Melo, Cl{\'a}udio M R and Bainy,
              Afonso C D and Bebianno, Maria J",
  journal  = "Environ. Sci. Pollut. Res. Int.",
  volume   =  22,
  number   =  22,
  pages    = "17267--17279",
  month    =  nov,
  year     =  2015,
  language = "en",
  issn     = "0944-1344, 1614-7499",
  pmid     = "25398216",
  doi      = "10.1007/s11356-014-3821-8"
}

@ARTICLE{Parker2011,
  title   = "{Populations of the Sydney rock oyster, \textit{Saccostrea glomerata}, vary
             in response to ocean acidification}",
  author  = "Parker, L M and Ross, Pauline M and O'Connor, Wayne A",
  journal = "Mar. Biol.",
  volume  =  158,
  number  =  3,
  pages   = "689--697",
  month   =  mar,
  year    =  2011,
  issn    = "0025-3162, 1432-1793",
  doi     = "10.1007/s00227-010-1592-4"
}

@MISC{Pelletier2018,
  title  = "{Seasonal variation in aragonite saturation in surface waters of
            Puget Sound -- a pilot study}",
  author = "Pelletier, Gregory and Roberts, Mindy and Keyzers, Mya and Alin,
            Simone R",
  month  =  jan,
  year   =  2018,
  doi    = "10.1525/elementa.270"
}

@ARTICLE{Hercus2003,
  title    = "{Lifespan extension of \textit{Drosophila melanogaster} through hormesis by
              repeated mild heat stress}",
  author   = "Hercus, Miriam J and Loeschcke, Volker and Rattan, Suresh I S",
  journal  = "Biogerontology",
  volume   =  4,
  number   =  3,
  pages    = "149--156",
  year     =  2003,
  language = "en",
  issn     = "1389-5729",
  pmid     = "12815314"
}

@ARTICLE{Slattery2012,
  title    = "{Marine proteomics: a critical assessment of an emerging
              technology}",
  author   = "Slattery, Marc and Ankisetty, Sridevi and Corrales, Jone and
              Marsh-Hunkin, K Erica and Gochfeld, Deborah J and Willett,
              Kristine L and Rimoldi, John M",
  journal  = "J. Nat. Prod.",
  volume   =  75,
  number   =  10,
  pages    = "1833--1877",
  month    =  oct,
  year     =  2012,
  language = "en",
  issn     = "0163-3864, 1520-6025",
  pmid     = "23009278",
  doi      = "10.1021/np300366a"
}

@ARTICLE{Papakostas2012,
  title    = "{A proteomics approach reveals divergent molecular responses to
              salinity in populations of European whitefish (\textit{Coregonus
              lavaretus})}",
  author   = "Papakostas, Spiros and Vasem{\"a}gi, Anti and V{\"a}h{\"a},
              Juha-Pekka and Himberg, Mikael and Peil, Lauri and Primmer, Craig
              R",
  journal  = "Mol. Ecol.",
  volume   =  21,
  number   =  14,
  pages    = "3516--3530",
  month    =  jul,
  year     =  2012,
  language = "en",
  issn     = "0962-1083, 1365-294X",
  pmid     = "22486940",
  doi      = "10.1111/j.1365-294X.2012.05553.x"
}

@ARTICLE{Hamdoun2003,
  title    = "{Phenotypic plasticity of HSP70 and HSP70 gene expression in the
              Pacific oyster (\textit{Crassostrea gigas}): implications for thermal
              limits and induction of thermal tolerance}",
  author   = "Hamdoun, Amro M and Cheney, Daniel P and Cherr, Gary N",
  journal  = "Biol. Bull.",
  volume   =  205,
  number   =  2,
  pages    = "160--169",
  month    =  oct,
  year     =  2003,
  language = "en",
  issn     = "0006-3185",
  pmid     = "14583513",
  doi      = "10.2307/1543236"
}

@ARTICLE{Gaylord2015,
  title    = "{Ocean acidification through the lens of ecological theory}",
  author   = "Gaylord, Brian and Kroeker, Kristy J and Sunday, Jennifer M and
              Anderson, Kathryn M and Barry, James P and Brown, Norah E and
              Connell, Sean D and Dupont, Sam and Fabricius, Katharina E and
              Hall-Spencer, Jason Hall and Klinger, Terrie and Milazzo, Marco
              and Munday, Philip L and Russell, Bayden D and Sanford, Eric and
              Schreiber, Sebastian J and Thiyagarajan, Vengatesen and Vaughan,
              Megan L H and Widdicombe, Steven and Harley, Christopher D G",
  journal  = "Ecology",
  volume   =  96,
  number   =  1,
  pages    = "3--15",
  month    =  jan,
  year     =  2015,
  language = "en",
  issn     = "0012-9658",
  pmid     = "26236884"
}

@ARTICLE{Silvestre2006,
  title    = "{Differential protein expression profiles in anterior gills of
              \textit{Eriocheir sinensis} during acclimation to cadmium}",
  author   = "Silvestre, Fr{\'e}d{\'e}ric and Dierick, Jean-Fran{\c c}ois and
              Dumont, Val{\'e}ry and Dieu, Marc and Raes, Martine and Devos,
              Pierre",
  journal  = "Aquat. Toxicol.",
  volume   =  76,
  number   =  1,
  pages    = "46--58",
  month    =  jan,
  year     =  2006,
  language = "en",
  issn     = "0166-445X",
  pmid     = "16249038",
  doi      = "10.1016/j.aquatox.2005.09.006"
}

@ARTICLE{Lockwood2011,
  title    = "{Transcriptomic responses to salinity stress in invasive and
              native blue mussels (genus Mytilus)}",
  author   = "Lockwood, Brent L and Somero, George N",
  journal  = "Mol. Ecol.",
  volume   =  20,
  number   =  3,
  pages    = "517--529",
  month    =  feb,
  year     =  2011,
  language = "en",
  issn     = "0962-1083, 1365-294X",
  pmid     = "21199031",
  doi      = "10.1111/j.1365-294X.2010.04973.x"
}

@ARTICLE{Limon-Pacheco2009,
  title    = "{The role of antioxidants and antioxidant-related enzymes in
              protective responses to environmentally induced oxidative stress}",
  author   = "Lim{\'o}n-Pacheco, Jorge and Gonsebatt, Mar{\'\i}a E",
  journal  = "Mutat. Res.",
  volume   =  674,
  number   = "1-2",
  pages    = "137--147",
  month    =  mar,
  year     =  2009,
  language = "en",
  issn     = "0027-5107",
  pmid     = "18955158",
  doi      = "10.1016/j.mrgentox.2008.09.015"
}
