% Generated by Paperpile. Check out https://paperpile.com for more information.
% BibTeX export options can be customized via Settings -> BibTeX.

@MISC{Smit2013,
  title  = "{2013--2015. RepeatMasker Open-4.0}",
  author = "Smit, A F A and Hubley, R and Green, P",
  year   =  2013
}

@ARTICLE{Eirin-Lopez2018,
  title    = "{Marine Environmental Epigenetics}",
  author   = "Eirin-Lopez, Jose M and Putnam, Hollie M",
  journal  = "Ann. Rev. Mar. Sci.",
  month    =  jun,
  year     =  2018,
  language = "en",
  issn     = "1941-1405, 1941-0611",
  pmid     = "29958066",
  doi      = "10.1146/annurev-marine-010318-095114"
}

@ARTICLE{Downey-Wall2020,
  title    = "{Ocean Acidification Induces Subtle Shifts in Gene Expression and
              DNA Methylation in Mantle Tissue of the Eastern Oyster
              (\textit{Crassostrea virginica})}",
  author   = "Downey-Wall, Alan M and Cameron, Louise P and Ford, Brett M and
              McNally, Elise M and Venkataraman, Yaamini R and Roberts, Steven
              B and Ries, Justin B and Lotterhos, Katie E",
  journal  = "Frontiers in Marine Science",
  volume   =  7,
  pages    = "828",
  year     =  2020,
  language = "en",
  issn     = "2296-7745",
  doi      = "10.3389/fmars.2020.566419"
}

@ARTICLE{Foo2017,
  title    = "{Marine gametes in a changing ocean: Impacts of climate change
              stressors on fecundity and the egg}",
  author   = "Foo, Shawna A and Byrne, Maria",
  journal  = "Mar. Environ. Res.",
  volume   =  128,
  pages    = "12--24",
  month    =  jul,
  year     =  2017,
  language = "en",
  issn     = "0141-1136, 1879-0291",
  pmid     = "28237403",
  doi      = "10.1016/j.marenvres.2017.02.004"
}

@ARTICLE{Johnson2020,
  title     = "{Characterizing the Epigenetic and Transcriptomic Responses to
               Perkinsus marinus Infection in the Eastern Oyster \textit{Crassostrea
               virginica}}",
  author    = "Johnson, Kevin M and Sirovy, K A and Casas, Sandra M and La
               Peyre, Jerome F and Kelly, Morgan W",
  journal   = "Frontiers in Marine Science",
  publisher = "Frontiers Research Foundation",
  volume    =  7,
  year      =  2020,
  doi       = "10.3389/fmars.2020.00598"
}

@ARTICLE{Parker2012,
  title   = "{Adult exposure influences offspring response to ocean
             acidification in oysters}",
  author  = "Parker, Laura M and Ross, Pauline M and O'Connor, Wayne A and
             Borysko, Larissa and Raftos, David A and P{\"o}rtner, Hans-Otto",
  journal = "Glob. Chang. Biol.",
  volume  =  18,
  number  =  1,
  pages   = "82--92",
  month   =  jan,
  year    =  2012,
  issn    = "1354-1013",
  doi     = "10.1111/j.1365-2486.2011.02520.x"
}

@ARTICLE{Scanes2018,
  title    = "{Copper and ocean acidification interact to lower maternal
              investment, but have little effect on adult physiology of the
              Sydney rock oyster \textit{Saccostrea glomerata}}",
  author   = "Scanes, Elliot and Parker, Laura M and O'Connor, Wayne A and
              Gibbs, Mitchell C and Ross, Pauline M",
  journal  = "Aquat. Toxicol.",
  volume   =  203,
  pages    = "51--60",
  month    =  jul,
  year     =  2018,
  language = "en",
  issn     = "0166-445X, 1879-1514",
  pmid     = "30077126",
  doi      = "10.1016/j.aquatox.2018.07.020"
}

@ARTICLE{Feng2014,
  title    = "{A Bayesian hierarchical model to detect differentially methylated
              loci from single nucleotide resolution sequencing data}",
  author   = "Feng, Hao and Conneely, Karen N and Wu, Hao",
  journal  = "Nucleic Acids Res.",
  volume   =  42,
  number   =  8,
  pages    = "e69",
  month    =  apr,
  year     =  2014,
  language = "en",
  issn     = "0305-1048, 1362-4962",
  pmid     = "24561809",
  doi      = "10.1093/nar/gku154",
  pmc      = "PMC4005660"
}

@ARTICLE{Chandra_Rajan2021,
  title    = "{Oyster biomineralisation under ocean acidification: from genes to
              shell}",
  author   = "Chandra Rajan, Kanmani and Yuan, Meng and Yu, Ziniu and Roberts,
              Steven B and Thiyagarajan, Vengatesen",
  journal  = "Glob. Chang. Biol.",
  month    =  may,
  year     =  2021,
  language = "en",
  issn     = "1354-1013, 1365-2486",
  pmid     = "33964098",
  doi      = "10.1111/gcb.15675"
}

@UNPUBLISHED{Olson2015,
  title    = "{Indication of family-specific DNA methylation patterns in
              developing oysters}",
  author   = "Olson, Claire E and Roberts, Steven B",
  journal  = "bioRxiv",
  pages    = "012831",
  month    =  mar,
  year     =  2015,
  language = "en",
  doi      = "10.1101/012831"
}

@ARTICLE{Griffith2017,
  title    = "{Transgenerational exposure of North Atlantic bivalves to ocean
              acidification renders offspring more vulnerable to low pH and
              additional stressors}",
  author   = "Griffith, Andrew W and Gobler, Christopher J",
  journal  = "Sci. Rep.",
  volume   =  7,
  number   =  1,
  pages    = "11394",
  month    =  sep,
  year     =  2017,
  language = "en",
  issn     = "2045-2322",
  pmid     = "28900271",
  doi      = "10.1038/s41598-017-11442-3",
  pmc      = "PMC5595845"
}

@ARTICLE{Li2009,
  title    = "{The Sequence Alignment/Map format and SAMtools}",
  author   = "Li, Heng and Handsaker, Bob and Wysoker, Alec and Fennell, Tim
              and Ruan, Jue and Homer, Nils and Marth, Gabor and Abecasis,
              Goncalo and Durbin, Richard and {1000 Genome Project Data
              Processing Subgroup}",
  journal  = "Bioinformatics",
  volume   =  25,
  number   =  16,
  pages    = "2078--2079",
  month    =  aug,
  year     =  2009,
  language = "en",
  issn     = "1367-4803, 1367-4811",
  pmid     = "19505943",
  doi      = "10.1093/bioinformatics/btp352",
  pmc      = "PMC2723002"
}

@ARTICLE{Gavery2013,
  title    = "{Predominant intragenic methylation is associated with gene
              expression characteristics in a bivalve mollusc}",
  author   = "Gavery, Mackenzie R and Roberts, Steven B",
  journal  = "PeerJ",
  volume   =  1,
  pages    = "e215",
  month    =  nov,
  year     =  2013,
  language = "en",
  pmid     = "24282674",
  doi      = "10.7717/peerj.215",
  pmc      = "PMC3840415"
}

@ARTICLE{Fabioux2005,
  title   = "{Temperature and photoperiod drive \textit{Crassostrea gigas} reproductive
             internal clock}",
  author  = "Fabioux, Caroline and Huvet, Arnaud and Le Souchu, Pierrick and Le
             Pennec, Marcel and Pouvreau, St{\'e}phane",
  journal = "Aquaculture",
  volume  =  250,
  number  =  1,
  pages   = "458--470",
  month   =  nov,
  year    =  2005,
  issn    = "0044-8486",
  doi     = "10.1016/j.aquaculture.2005.02.038"
}

@ARTICLE{Gao2015,
  title    = "{BS-SNPer: SNP calling in bisulfite-seq data}",
  author   = "Gao, Shengjie and Zou, Dan and Mao, Likai and Liu, Huayu and
              Song, Pengfei and Chen, Youguo and Zhao, Shancen and Gao,
              Changduo and Li, Xiangchun and Gao, Zhibo and Fang, Xiaodong and
              Yang, Huanming and {\O}rntoft, Torben F and S{\o}rensen, Karina D
              and Bolund, Lars",
  journal  = "Bioinformatics",
  volume   =  31,
  number   =  24,
  pages    = "4006--4008",
  month    =  dec,
  year     =  2015,
  language = "en",
  issn     = "1367-4803, 1367-4811",
  pmid     = "26319221",
  doi      = "10.1093/bioinformatics/btv507",
  pmc      = "PMC4673977"
}

@ARTICLE{Parker2015,
  title    = "{Persistence of Positive Carryover Effects in the Oyster,
              \textit{Saccostrea glomerata}, following Transgenerational Exposure to
              Ocean Acidification}",
  author   = "Parker, Laura M and O'Connor, Wayne A and Raftos, David A and
              P{\"o}rtner, Hans-Otto and Ross, Pauline M",
  journal  = "PLoS One",
  volume   =  10,
  number   =  7,
  pages    = "e0132276",
  month    =  jul,
  year     =  2015,
  language = "en",
  issn     = "1932-6203",
  pmid     = "26147612",
  doi      = "10.1371/journal.pone.0132276",
  pmc      = "PMC4493068"
}

@ARTICLE{UniProt_Consortium2019,
  title    = "{UniProt: a worldwide hub of protein knowledge}",
  author   = "{UniProt Consortium}",
  journal  = "Nucleic Acids Res.",
  volume   =  47,
  number   = "D1",
  pages    = "D506--D515",
  month    =  jan,
  year     =  2019,
  language = "en",
  issn     = "0305-1048, 1362-4962",
  pmid     = "30395287",
  doi      = "10.1093/nar/gky1049",
  pmc      = "PMC6323992"
}

@UNPUBLISHED{Liew2018,
  title    = "{Intergenerational epigenetic inheritance in reef-building corals}",
  author   = "Liew, Yi Jin and Howells, Emily J and Wang, Xin and Michell,
              Craig T and Burt, John A and Idaghdour, Youssef and Aranda,
              Manuel",
  journal  = "bioRxiv",
  pages    = "269076",
  month    =  feb,
  year     =  2018,
  language = "en",
  doi      = "10.1101/269076"
}

@ARTICLE{Kroeker2010,
  title    = "{Meta-analysis reveals negative yet variable effects of ocean
              acidification on marine organisms}",
  author   = "Kroeker, Kristy J and Kordas, Rebecca L and Crim, Ryan N and
              Singh, Gerald G",
  journal  = "Ecol. Lett.",
  volume   =  13,
  number   =  11,
  pages    = "1419--1434",
  month    =  nov,
  year     =  2010,
  language = "en",
  issn     = "1461-023X, 1461-0248",
  pmid     = "20958904",
  doi      = "10.1111/j.1461-0248.2010.01518.x"
}

@ARTICLE{Lim2021,
  title    = "{Transgenerational responses to seawater pH in the edible oyster,
              with implications for the mariculture of the species under future
              ocean acidification}",
  author   = "Lim, Yong-Kian and Dang, Xin and Thiyagarajan, Vengatesen",
  journal  = "Sci. Total Environ.",
  volume   =  782,
  pages    = "146704",
  month    =  mar,
  year     =  2021,
  language = "en",
  issn     = "0048-9697, 1879-1026",
  pmid     = "33848868",
  doi      = "10.1016/j.scitotenv.2021.146704"
}

@ARTICLE{Akalin2012,
  title    = "{methylKit: a comprehensive R package for the analysis of
              genome-wide DNA methylation profiles}",
  author   = "Akalin, Altuna and Kormaksson, Matthias and Li, Sheng and
              Garrett-Bakelman, Francine E and Figueroa, Maria E and Melnick,
              Ari and Mason, Christopher E",
  journal  = "Genome Biol.",
  volume   =  13,
  number   =  10,
  pages    = "R87",
  month    =  oct,
  year     =  2012,
  language = "en",
  issn     = "1465-6906",
  pmid     = "23034086",
  doi      = "10.1186/gb-2012-13-10-r87",
  pmc      = "PMC3491415"
}

@ARTICLE{Roberts2012,
  title     = "{Is there a relationship between DNA methylation and phenotypic
               plasticity in invertebrates?}",
  author    = "Roberts, Steven B and Gavery, Mackenzie R",
  journal   = "Front. Physiol.",
  publisher = "Frontiers",
  volume    =  2,
  year      =  2012,
  language  = "en",
  issn      = "1664-042X",
  doi       = "10.3389/fphys.2012.00116/abstract"
}

@ARTICLE{Spencer2019,
  title    = "{Carryover effects of temperature and {pCO$_2$} across multiple Olympia
              oyster populations}",
  author   = "Spencer, Laura H and Venkataraman, Yaamini R and Crim, Ryan and
              Ryan, Stuart and Horwith, Micah J and Roberts, Steven B",
  journal  = "Ecol. Appl.",
  pages    = "e02060",
  month    =  dec,
  year     =  2019,
  language = "en",
  issn     = "1051-0761",
  pmid     = "31863716",
  doi      = "10.1002/eap.2060"
}

@ARTICLE{R_Core_Team2019-ij,
  title  = "{R: A language and environment for statistical computing}",
  author = "{R Core Team}",
  year   =  2019
}

@ARTICLE{Gavery2014,
  title    = "{A context dependent role for DNA methylation in bivalves}",
  author   = "Gavery, Mackenzie R and Roberts, Steven B",
  journal  = "Brief. Funct. Genomics",
  volume   =  13,
  number   =  3,
  pages    = "217--222",
  month    =  may,
  year     =  2014,
  language = "en",
  issn     = "2041-2649, 2041-2657",
  pmid     = "24397979",
  doi      = "10.1093/bfgp/elt054"
}

@ARTICLE{Cavelier2017,
  title    = "{Early gametogenesis in the Pacific oyster: new insights using
              stem cell and mitotic markers}",
  author   = "Cavelier, Patricia and Cau, Julien and Morin, Nathalie and
              Delsert, Claude",
  journal  = "J. Exp. Biol.",
  volume   =  220,
  number   = "Pt 21",
  pages    = "3988--3996",
  month    =  nov,
  year     =  2017,
  language = "en",
  issn     = "0022-0949, 1477-9145",
  pmid     = "28860120",
  doi      = "10.1242/jeb.167734"
}

@ARTICLE{Gavery2017,
  title    = "{Epigenetic considerations in aquaculture}",
  author   = "Gavery, Mackenzie R and Roberts, Steven B",
  journal  = "PeerJ",
  volume   =  5,
  pages    = "e4147",
  month    =  dec,
  year     =  2017,
  language = "en",
  issn     = "2167-8359",
  pmid     = "29230373",
  doi      = "10.7717/peerj.4147",
  pmc      = "PMC5723431"
}

@ARTICLE{Bogan2020,
  title   = "{Changes in Genome-Wide Methylation and Gene Expression in Response
             to Future {pCO$_2$} Extremes in the Antarctic Pteropod \textit{Limacina
             helicina antarctica}}",
  author  = "Bogan, Samuel N and Johnson, Kevin M and Hofmann, Gretchen E",
  journal = "Frontiers in Marine Science",
  volume  =  6,
  pages   = "788",
  year    =  2020,
  issn    = "2296-7745",
  doi     = "10.3389/fmars.2019.00788"
}

@ARTICLE{Parker2017,
  title     = "{Adult exposure to ocean acidification is maladaptive for larvae
               of the Sydney rock oyster \textit{Saccostrea glomerata} in the presence
               of multiple stressors}",
  author    = "Parker, Laura M and O'Connor, Wayne A and Byrne, Maria and
               Coleman, Ross A and Virtue, Patti and Dove, Michael and Gibbs,
               Mitchell and Spohr, Lorraine and Scanes, Elliot and Ross,
               Pauline M",
  journal   = "Biol. Lett.",
  publisher = "The Royal Society",
  volume    =  13,
  number    =  2,
  pages     = "20160798",
  month     =  feb,
  year      =  2017,
  language  = "en",
  issn      = "1744-9561, 1744-957X",
  pmid      = "28202683",
  doi       = "10.1098/rsbl.2016.0798"
}

@ARTICLE{Quinlan2010,
  title    = "{BEDTools: a flexible suite of utilities for comparing genomic
              features}",
  author   = "Quinlan, Aaron R and Hall, Ira M",
  journal  = "Bioinformatics",
  volume   =  26,
  number   =  6,
  pages    = "841--842",
  month    =  mar,
  year     =  2010,
  language = "en",
  issn     = "1367-4803, 1367-4811",
  pmid     = "20110278",
  doi      = "10.1093/bioinformatics/btq033",
  pmc      = "PMC2832824"
}

@ARTICLE{Rondon2017,
  title     = "{Effects of a parental exposure to diuron on Pacific oyster spat
               methylome}",
  author    = "Rondon, Rodolfo and Grunau, Christoph and Fallet, Manon and
               Charlemagne, Nicolas and Sussarellu, Rossana and Chaparro,
               Cristian and Montagnani, Caroline and Mitta, Guillaume and
               Bach{\`e}re, Evelyne and Akcha, Farida and Cosseau, C{\'e}line",
  journal   = "Environ Epigenet",
  publisher = "Oxford University Press",
  volume    =  3,
  number    =  1,
  month     =  jan,
  year      =  2017,
  doi       = "10.1093/eep/dvx004"
}

@MISC{Andrews2010,
  title     = "{FastQC: a quality control tool for high throughput sequence data}",
  author    = "Andrews, Simon",
  publisher = "Babraham Bioinformatics, Babraham Institute, Cambridge, United
               Kingdom",
  year      =  2010
}

@ARTICLE{Wang2011,
  title    = "{SLIM: a sliding linear model for estimating the proportion of
              true null hypotheses in datasets with dependence structures}",
  author   = "Wang, Hong-Qiang and Tuominen, Lindsey K and Tsai, Chung-Jui",
  journal  = "Bioinformatics",
  volume   =  27,
  number   =  2,
  pages    = "225--231",
  month    =  jan,
  year     =  2011,
  language = "en",
  issn     = "1367-4803, 1367-4811",
  pmid     = "21098430",
  doi      = "10.1093/bioinformatics/btq650"
}

@MISC{Saint-Carlier2015,
  title   = "{Regulation of Hoxorthologues in the oyster \textit{Crassostrea
             gigas} evidences a functional role for promoter DNA methylation in
             an invertebrate}",
  author  = "Saint-Carlier, Emma and Riviere, Guillaume",
  journal = "FEBS Letters",
  volume  =  589,
  number  =  13,
  pages   = "1459--1466",
  year    =  2015,
  doi     = "10.1016/j.febslet.2015.04.043"
}

@ARTICLE{Strader2020,
  title   = "{Examining the Role of DNA Methylation in Transcriptomic Plasticity
             of Early Stage Sea Urchins: Developmental and Maternal Effects in
             a Kelp Forest Herbivore}",
  author  = "Strader, Marie E and Kozal, Logan C and Leach, Terence S and Wong,
             Juliet M and Chamorro, Jannine D and Housh, Madeline J and
             Hofmann, Gretchen E",
  journal = "Frontiers in Marine Science",
  volume  =  7,
  pages   = "205",
  year    =  2020,
  issn    = "2296-7745",
  doi     = "10.3389/fmars.2020.00205"
}

@ARTICLE{Langmead2012,
  title    = "{Fast gapped-read alignment with Bowtie 2}",
  author   = "Langmead, Ben and Salzberg, Steven L",
  journal  = "Nat. Methods",
  volume   =  9,
  number   =  4,
  pages    = "357--359",
  month    =  mar,
  year     =  2012,
  language = "en",
  issn     = "1548-7091, 1548-7105",
  pmid     = "22388286",
  doi      = "10.1038/nmeth.1923",
  pmc      = "PMC3322381"
}

@MISC{Tarailo-Graovac2009,
  title   = "{Using RepeatMasker to Identify Repetitive Elements in Genomic
             Sequences}",
  author  = "Tarailo-Graovac, Maja and Chen, Nansheng",
  journal = "Current Protocols in Bioinformatics",
  year    =  2009,
  doi     = "10.1002/0471250953.bi0410s25"
}

@ARTICLE{Krueger2011,
  title    = "{Bismark: a flexible aligner and methylation caller for
              Bisulfite-Seq applications}",
  author   = "Krueger, Felix and Andrews, Simon R",
  journal  = "Bioinformatics",
  volume   =  27,
  number   =  11,
  pages    = "1571--1572",
  month    =  jun,
  year     =  2011,
  language = "en",
  issn     = "1367-4803, 1367-4811",
  pmid     = "21493656",
  doi      = "10.1093/bioinformatics/btr167",
  pmc      = "PMC3102221"
}

@ARTICLE{Dheilly2012,
  title    = "{Gametogenesis in the Pacific oyster \textit{Crassostrea gigas}: a
              microarrays-based analysis identifies sex and stage specific
              genes}",
  author   = "Dheilly, Nolwenn M and Lelong, Christophe and Huvet, Arnaud and
              Kellner, Kristell and Dubos, Marie-Pierre and Riviere, Guillaume
              and Boudry, Pierre and Favrel, Pascal",
  journal  = "PLoS One",
  volume   =  7,
  number   =  5,
  pages    = "e36353",
  month    =  may,
  year     =  2012,
  language = "en",
  issn     = "1932-6203",
  pmid     = "22590533",
  doi      = "10.1371/journal.pone.0036353",
  pmc      = "PMC3348941"
}

@ARTICLE{Olson2014,
  title    = "{Genome-wide profiling of DNA methylation and gene expression in
              \textit{Crassostrea gigas} male gametes}",
  author   = "Olson, Claire E and Roberts, Steven B",
  journal  = "Front. Physiol.",
  volume   =  5,
  pages    = "224",
  month    =  jun,
  year     =  2014,
  language = "en",
  issn     = "1664-042X",
  pmid     = "24987376",
  doi      = "10.3389/fphys.2014.00224",
  pmc      = "PMC4060414"
}

@ARTICLE{Riviere2017,
  title    = "{Dynamics of DNA methylomes underlie oyster development}",
  author   = "Riviere, Guillaume and He, Yan and Tecchio, Samuele and Crowell,
              Elizabeth and Gras, Micha{\"e}l and Sourdaine, Pascal and Guo,
              Ximing and Favrel, Pascal",
  journal  = "PLoS Genet.",
  volume   =  13,
  number   =  6,
  pages    = "e1006807",
  month    =  jun,
  year     =  2017,
  language = "en",
  issn     = "1553-7390, 1553-7404",
  pmid     = "28594821",
  doi      = "10.1371/journal.pgen.1006807",
  pmc      = "PMC5481141"
}

@ARTICLE{Arredondo-Espinoza2021,
  title   = "{Differentially methylated gene regions between resistant and
             susceptible heat-phenotypes of the Pacific oyster \textit{Crassostrea
             gigas}}",
  author  = "Arredondo-Espinoza, Roberto and Ibarra, Ana M and Roberts, Steven
             B and Sicard-Gonzalez, Maria Teresa and Escobedo-Fregoso, Cristina",
  journal = "Aquaculture",
  volume  =  543,
  pages   = "736923",
  month   =  oct,
  year    =  2021,
  issn    = "0044-8486",
  doi     = "10.1016/j.aquaculture.2021.736923"
}

@ARTICLE{Ross2016,
  title   = "{Transgenerational responses of molluscs and echinoderms to
             changing ocean conditions}",
  author  = "Ross, Pauline M and Parker, Laura and Byrne, Maria",
  journal = "ICES Journal of Marine Science",
  month   =  jan,
  year    =  2016,
  doi     = "10.1093/icesjms/fsv254"
}

@ARTICLE{Melzner2019,
  title    = "{Ocean Acidification and Coastal Marine Invertebrates: Tracking
              {CO$_2$} Effects from Seawater to the Cell}",
  author   = "Melzner, Frank and Mark, Felix C and Seibel, Brad A and Tomanek,
              Lars",
  journal  = "Ann. Rev. Mar. Sci.",
  month    =  aug,
  year     =  2019,
  language = "en",
  issn     = "1941-1405, 1941-0611",
  pmid     = "31451083",
  doi      = "10.1146/annurev-marine-010419-010658"
}

@ARTICLE{Riviere2013,
  title    = "{DNA methylation is crucial for the early development in the
              Oyster \textit{C. gigas}}",
  author   = "Riviere, Guillaume and Wu, Guan-Chung and Fellous, Alexandre and
              Goux, Didier and Sourdaine, Pascal and Favrel, Pascal",
  journal  = "Mar. Biotechnol.",
  volume   =  15,
  number   =  6,
  pages    = "739--753",
  month    =  dec,
  year     =  2013,
  language = "en",
  issn     = "1436-2228, 1436-2236",
  pmid     = "23877618",
  doi      = "10.1007/s10126-013-9523-2"
}

@ARTICLE{Byrne2019,
  title    = "{Limitations of cross and multigenerational plasticity for marine
              invertebrates faced with global climate change}",
  author   = "Byrne, Maria and Foo, Shawna A and Ross, Pauline M and Putnam,
              Hollie M",
  journal  = "Glob. Chang. Biol.",
  month    =  oct,
  year     =  2019,
  language = "en",
  issn     = "1354-1013, 1365-2486",
  pmid     = "31670444",
  doi      = "10.1111/gcb.14882"
}

@ARTICLE{Enriquez-Diaz2008,
  title   = "{Gametogenesis, reproductive investment, and spawning behavior of
             the Pacific giant oyster \textit{Crassostrea gigas}: evidence of an
             environment-dependent strategy}",
  author  = "Enr{\'\i}quez-D{\'\i}az, M and Pouvreau, S and
             Ch{\'a}vez-Villalba, J and Le Pennec, M",
  journal = "Aquac. Int.",
  volume  =  17,
  number  =  5,
  pages   = "491",
  month   =  oct,
  year    =  2008,
  issn    = "0967-6120, 1573-143X",
  doi     = "10.1007/s10499-008-9219-1"
}

@ARTICLE{Thorvaldsdottir2013,
  title    = "{Integrative Genomics Viewer (IGV): high-performance genomics data
              visualization and exploration}",
  author   = "Thorvaldsd{\'o}ttir, Helga and Robinson, James T and Mesirov,
              Jill P",
  journal  = "Brief. Bioinform.",
  volume   =  14,
  number   =  2,
  pages    = "178--192",
  month    =  mar,
  year     =  2013,
  language = "en",
  issn     = "1467-5463, 1477-4054",
  pmid     = "22517427",
  doi      = "10.1093/bib/bbs017",
  pmc      = "PMC3603213"
}

@ARTICLE{Penaloza2021,
  title    = "{A chromosome-level genome assembly for the Pacific oyster
              \textit{Crassostrea gigas}}",
  author   = "Pe{\~n}aloza, Carolina and Gutierrez, Alejandro P and E{\"o}ry,
              L{\'e}l and Wang, Shan and Guo, Ximing and Archibald, Alan L and
              Bean, Tim P and Houston, Ross D",
  journal  = "Gigascience",
  volume   =  10,
  number   =  3,
  month    =  mar,
  year     =  2021,
  language = "en",
  issn     = "2047-217X",
  pmid     = "33764468",
  doi      = "10.1093/gigascience/giab020"
}

@UNPUBLISHED{Trigg2021,
  title    = "{Invertebrate methylomes provide insight into mechanisms of
              environmental tolerance and reveal methodological biases}",
  author   = "Trigg, Shelly A and Venkataraman, Yaamini R and Gavery, Mackenzie
              R and Roberts, Steven B and Bhattacharya, Debashish and
              Downey-Wall, Alan and Eirin-Lopez, Jose M and Johnson, Kevin M
              and Lotterhos, Katie E and Puritz, Jonathan B and Putnam, Hollie
              M",
  journal  = "bioRxiv",
  pages    = "2021.03.29.437539",
  month    =  mar,
  year     =  2021,
  language = "en",
  doi      = "10.1101/2021.03.29.437539"
}

@ARTICLE{Parker2013,
  title    = "{Predicting the response of molluscs to the impact of ocean
              acidification}",
  author   = "Parker, Laura M and Ross, Pauline M and O'Connor, Wayne A and
              P{\"o}rtner, Hans O and Scanes, Elliot and Wright, John M",
  journal  = "Biology",
  volume   =  2,
  number   =  2,
  pages    = "651--692",
  month    =  apr,
  year     =  2013,
  language = "en",
  issn     = "2079-7737",
  pmid     = "24832802",
  doi      = "10.3390/biology2020651",
  pmc      = "PMC3960890"
}

@ARTICLE{Strader2019,
  title   = "{Parental environments alter DNA methylation in offspring of the
             purple sea urchin, \textit{Strongylocentrotus purpuratus}}",
  author  = "Strader, M E and Wong, J M and Kozal, L C and Leach, T S and
             Hofmann, G E",
  journal = "J. Exp. Mar. Bio. Ecol.",
  volume  =  517,
  pages   = "54--64",
  month   =  aug,
  year    =  2019,
  issn    = "0022-0981",
  doi     = "10.1016/j.jembe.2019.03.002"
}

@ARTICLE{Ewels2016,
  title    = "{MultiQC: summarize analysis results for multiple tools and
              samples in a single report}",
  author   = "Ewels, Philip and Magnusson, M{\aa}ns and Lundin, Sverker and
              K{\"a}ller, Max",
  journal  = "Bioinformatics",
  volume   =  32,
  number   =  19,
  pages    = "3047--3048",
  month    =  oct,
  year     =  2016,
  language = "en",
  issn     = "1367-4803, 1367-4811",
  pmid     = "27312411",
  doi      = "10.1093/bioinformatics/btw354",
  pmc      = "PMC5039924"
}

@ARTICLE{Yue2018,
  title   = "{Gonad Transcriptome Analysis of the Pacific Oyster \textit{Crassostrea
             gigas} Identifies Potential Genes Regulating the Sex Determination
             and Differentiation Process}",
  author  = "Yue, Chenyang and Li, Qi and Yu, Hong",
  journal = "Mar. Biotechnol.",
  volume  =  20,
  number  =  2,
  pages   = "206--219",
  month   =  apr,
  year    =  2018,
  issn    = "1436-2236",
  doi     = "10.1007/s10126-018-9798-4"
}

@ARTICLE{Song2017,
  title    = "{The association between DNA methylation and exon expression in
              the Pacific oyster \textit{Crassostrea gigas}}",
  author   = "Song, Kai and Li, Li and Zhang, Guofan",
  journal  = "PLoS One",
  volume   =  12,
  number   =  9,
  pages    = "e0185224",
  month    =  sep,
  year     =  2017,
  language = "en",
  issn     = "1932-6203",
  pmid     = "28945769",
  doi      = "10.1371/journal.pone.0185224",
  pmc      = "PMC5612690"
}

@ARTICLE{Hofmann2017,
  title     = "{Ecological Epigenetics in Marine Metazoans}",
  author    = "Hofmann, Gretchen E",
  journal   = "Frontiers in Marine Science",
  publisher = "Frontiers",
  volume    =  4,
  year      =  2017,
  language  = "en",
  issn      = "2296-7745",
  doi       = "10.3389/fmars.2017.00004"
}

@UNPUBLISHED{Gu2021,
  title    = "{simplifyEnrichment: an R/Bioconductor package for Clustering and
              Visualizing Functional Enrichment Results}",
  author   = "Gu, Zuguang and H{\"u}bschmann, Daniel",
  journal  = "bioRxiv",
  pages    = "2020.10.27.312116",
  month    =  feb,
  year     =  2021,
  language = "en",
  doi      = "10.1101/2020.10.27.312116"
}

@ARTICLE{Venkataraman2020,
  title    = "{General DNA methylation patterns and environmentally-induced
              differential methylation in the eastern oyster (\textit{Crassostrea
              virginica})}",
  author   = "Venkataraman, Yaamini R and Downey-Wall, Alan M and Ries, Justin
              and Westfield, Isaac and White, Samuel J and Roberts, Steven B
              and Lotterhos, Kathleen E",
  journal  = "Frontiers in Marine Science",
  year     =  2020,
  language = "en",
  doi      = "10.3389/fmars.2020.00225"
}

@ARTICLE{Liew2018,
  title   = "{Epigenome-associated phenotypic acclimatization to ocean
             acidification in a reef-building coral}",
  author  = "Liew, Yi Jin and Zoccola, Didier and Li, Yong and Tambutt{\'e},
             Eric and Venn, Alexander A and Michell, Craig T",
  journal = "Science Advances",
  month   =  jun,
  year    =  2018
}

@ARTICLE{Alexa2010,
  title   = "{topGO: enrichment analysis for gene ontology}",
  author  = "Alexa, Adrian and Rahnenfuhrer, Jorg and {Others}",
  journal = "R package version",
  volume  =  2,
  number  =  0,
  pages   = "2010",
  year    =  2010
}

@ARTICLE{Zhang2018,
  title   = "{DNA methylation frequency and epigenetic variability of the
             Pacific oyster \textit{Crassostrea gigas} in relation to the gametogenesis}",
  author  = "Zhang, Xin and Li, Qi and Kong, Lingfeng and Yu, Hong",
  journal = "Fish. Sci.",
  volume  =  84,
  number  =  5,
  pages   = "789--797",
  month   =  sep,
  year    =  2018,
  issn    = "0919-9268, 1444-2906",
  doi     = "10.1007/s12562-018-1214-5"
}

@ARTICLE{Lim2020,
  title    = "{DNA methylation changes in response to ocean acidification at the
              time of larval metamorphosis in the edible oyster, \textit{Crassostrea
              hongkongensis}}",
  author   = "Lim, Yong-Kian and Cheung, Khan and Dang, Xin and Roberts, Steven
              B and Wang, Xiaotong and Thiyagarajan, Vengatesen",
  journal  = "Mar. Environ. Res.",
  volume   =  163,
  pages    = "105214",
  month    =  nov,
  year     =  2020,
  language = "en",
  issn     = "0141-1136, 1879-0291",
  pmid     = "33221553",
  doi      = "10.1016/j.marenvres.2020.105214"
}

@ARTICLE{Martin2011,
  title    = "{Cutadapt removes adapter sequences from high-throughput
              sequencing reads}",
  author   = "Martin, Marcel",
  journal  = "EMBnet.journal",
  volume   =  17,
  number   =  1,
  pages    = "10--12",
  month    =  may,
  year     =  2011,
  language = "en",
  issn     = "2226-6089, 2226-6089",
  doi      = "10.14806/ej.17.1.200"
}

@MISC{Venkataraman2019,
  title   = "{Larval Response to Parental Low pH Exposure in the Pacific Oyster
             \textit{Crassostrea gigas}}",
  author  = "Venkataraman, Yaamini R and Spencer, Laura H and Roberts, Steven B",
  journal = "Journal of Shellfish Research",
  volume  =  38,
  number  =  3,
  pages   = "743",
  year    =  2019,
  doi     = "10.2983/035.038.0325"
}

@ARTICLE{Gatzmann2018,
  title    = "{The methylome of the marbled crayfish links gene body methylation
              to stable expression of poorly accessible genes}",
  author   = "Gatzmann, Fanny and Falckenhayn, Cassandra and Gutekunst, Julian
              and Hanna, Katharina and Raddatz, G{\"u}nter and Carneiro, Vitor
              Coutinho and Lyko, Frank",
  journal  = "Epigenetics Chromatin",
  volume   =  11,
  number   =  1,
  pages    = "57",
  month    =  oct,
  year     =  2018,
  language = "en",
  issn     = "1756-8935",
  pmid     = "30286795",
  doi      = "10.1186/s13072-018-0229-6",
  pmc      = "PMC6172769"
}
