@ARTICLE{Sunday2014,
  title    = "{Evolution in an acidifying ocean}",
  author   = "Sunday, Jennifer M and Calosi, Piero and Dupont, Sam and Munday,
              Philip L and Stillman, Jonathon H and Reusch, Thorsten B H",
  journal  = "Trends Ecol. Evol.",
  volume   =  29,
  number   =  2,
  pages    = "117--125",
  month    =  feb,
  year     =  2014,
  language = "en",
  issn     = "0169-5347, 1872-8383",
  pmid     = "24355315",
  doi      = "10.1016/j.tree.2013.11.001"
}

@ARTICLE{Bitter2019,
  title    = "{Standing genetic variation fuels rapid adaptation to ocean
              acidification}",
  author   = "Bitter, M C and Kapsenberg, L and Gattuso, J-P and Pfister, C A",
  journal  = "Nat. Commun.",
  volume   =  10,
  number   =  1,
  pages    = "5821",
  month    =  dec,
  year     =  2019,
  language = "en",
  issn     = "2041-1723",
  pmid     = "31862880",
  doi      = "10.1038/s41467-019-13767-1",
  pmc      = "PMC6925106"
}

@ARTICLE{Roberts2012,
  title     = "{Is there a relationship between DNA methylation and phenotypic
               plasticity in invertebrates?}",
  author    = "Roberts, Steven B and Gavery, Mackenzie R",
  journal   = "Front. Physiol.",
  publisher = "Frontiers",
  volume    =  2,
  year      =  2012,
  language  = "en",
  issn      = "1664-042X",
  doi       = "10.3389/fphys.2012.00116/abstract"
}

@ARTICLE{Sunday2011,
  title    = "{Quantifying rates of evolutionary adaptation in response to ocean
              acidification}",
  author   = "Sunday, Jennifer M and Crim, Ryan N and Harley, Christopher D G
              and Hart, Michael W",
  journal  = "PLoS One",
  volume   =  6,
  number   =  8,
  pages    = "e22881",
  month    =  aug,
  year     =  2011,
  language = "en",
  issn     = "1932-6203",
  pmid     = "21857962",
  doi      = "10.1371/journal.pone.0022881",
  pmc      = "PMC3153472"
}

@ARTICLE{Logan2021,
  title     = "{Quantifying global potential for coral evolutionary response to
               climate change}",
  author    = "Logan, Cheryl A and Dunne, John P and Ryan, James S and Baskett,
               Marissa L and Donner, Simon D",
  journal   = "Nat. Clim. Chang.",
  publisher = "Nature Publishing Group",
  pages     = "1--6",
  month     =  may,
  year      =  2021,
  language  = "en",
  issn      = "1758-678X",
  doi       = "10.1038/s41558-021-01037-2"
}
